Date,Open,High,Low,Close,Adj Close,Volume,Revenue,Future,Market_share
1/22/1999,1.75,1.953125,1.552083,1.640625,1.507891,67867200,,,
1/25/1999,1.770833,1.833333,1.640625,1.8125,1.665861,12762000,,,
1/26/1999,1.833333,1.869792,1.645833,1.671875,1.536613,8580000,,,
1/27/1999,1.677083,1.71875,1.583333,1.666667,1.531826,6109200,,,
1/28/1999,1.666667,1.677083,1.651042,1.661458,1.527039,5688000,,,
1/29/1999,1.661458,1.666667,1.583333,1.583333,1.455234,6100800,,,
2/1/1999,1.583333,1.625,1.583333,1.614583,1.483956,3867600,,,
2/2/1999,1.583333,1.625,1.442708,1.489583,1.369069,6602400,,,
2/3/1999,1.46875,1.541667,1.458333,1.520833,1.397791,1878000,,,
2/4/1999,1.541667,1.645833,1.520833,1.604167,1.474383,4548000,,,
2/5/1999,1.630208,1.666667,1.588542,1.651042,1.517465,3421200,,,
2/8/1999,1.661458,1.666667,1.59375,1.59375,1.464808,3852000,,,
2/9/1999,1.625,1.635417,1.510417,1.53125,1.407365,2174400,,,
2/10/1999,1.53125,1.572917,1.489583,1.515625,1.393004,3705600,,,
2/11/1999,1.520833,1.708333,1.520833,1.645833,1.512678,3306000,,,
2/12/1999,1.666667,1.75,1.666667,1.739583,1.598843,2743200,,,
2/16/1999,1.770833,1.84375,1.572917,1.75,1.608417,5275200,,,
2/17/1999,1.708333,1.729167,1.625,1.65625,1.522252,1693200,,,
2/18/1999,1.708333,1.729167,1.635417,1.682292,1.546187,1767600,,,
2/19/1999,1.666667,1.770833,1.645833,1.739583,1.598843,1884000,,,
2/22/1999,1.770833,1.791667,1.65625,1.75,1.608417,5131200,,,
2/23/1999,1.791667,1.869792,1.6875,1.833333,1.685008,3452400,,,
2/24/1999,2.104167,2.1875,1.932292,1.979167,1.819043,15319200,,,
2/25/1999,2.0625,2.125,1.885417,1.916667,1.7616,3728400,,,
2/26/1999,1.9375,2,1.8125,1.828125,1.680221,4315200,,,
3/1/1999,1.875,1.916667,1.75,1.838542,1.689795,2304000,,,
3/2/1999,1.833333,1.84375,1.791667,1.822917,1.675435,1381200,,,
3/3/1999,1.833333,1.833333,1.6875,1.697917,1.560548,1534800,,,
3/4/1999,1.78125,1.791667,1.645833,1.661458,1.527039,1434000,,,
3/5/1999,1.677083,1.760417,1.677083,1.755208,1.613204,1969200,,,
3/8/1999,1.708333,1.833333,1.677083,1.78125,1.637139,1897200,,,
3/9/1999,1.776042,1.864583,1.776042,1.838542,1.689795,3579600,,,
3/10/1999,1.864583,1.864583,1.78125,1.807292,1.661074,5883600,,,
3/11/1999,1.776042,1.807292,1.729167,1.729167,1.58927,1357200,,,
3/12/1999,1.739583,1.739583,1.666667,1.697917,1.560548,2269200,,,
3/15/1999,1.739583,1.791667,1.729167,1.770833,1.627565,2720400,,,
3/16/1999,1.78125,1.802083,1.697917,1.713542,1.574909,1978800,,,
3/17/1999,1.729167,1.760417,1.682292,1.723958,1.584482,1284000,,,
3/18/1999,1.729167,1.770833,1.6875,1.744792,1.60363,1158000,,,
3/19/1999,1.739583,1.802083,1.739583,1.75,1.608417,2632800,,,
3/22/1999,1.786458,1.791667,1.697917,1.697917,1.560548,916800,,,
3/23/1999,1.708333,1.708333,1.5625,1.59375,1.464808,4099200,,,
3/24/1999,1.583333,1.59375,1.520833,1.583333,1.455234,1521600,,,
3/25/1999,1.578125,1.666667,1.572917,1.604167,1.474383,1008000,,,
3/26/1999,1.625,1.75,1.625,1.744792,1.60363,2206800,,,
3/29/1999,1.796875,1.838542,1.765625,1.796875,1.6515,1648800,,,
3/30/1999,1.802083,1.817708,1.635417,1.645833,1.512678,1737600,,,
3/31/1999,1.697917,1.78125,1.619792,1.760417,1.617992,3840000,,,
4/1/1999,1.760417,1.770833,1.677083,1.708333,1.570121,760800,,,
4/5/1999,1.6875,1.729167,1.645833,1.65625,1.522252,2466000,,,
4/6/1999,1.671875,1.677083,1.583333,1.614583,1.483956,1742400,,,
4/7/1999,1.625,1.760417,1.614583,1.75,1.608417,2232000,,,
4/8/1999,1.760417,1.833333,1.739583,1.78125,1.637139,3253200,,,
4/9/1999,1.791667,1.791667,1.739583,1.75,1.608417,1215600,,,
4/12/1999,1.729167,1.729167,1.645833,1.677083,1.5414,832800,,,
4/13/1999,1.708333,1.708333,1.583333,1.609375,1.479169,903600,,,
4/14/1999,1.604167,1.640625,1.5625,1.5625,1.436087,1207200,,,
4/15/1999,1.604167,1.604167,1.5625,1.604167,1.474383,896400,,,
4/16/1999,1.59375,1.682292,1.59375,1.65625,1.522252,973200,,,
4/19/1999,1.677083,1.677083,1.5625,1.583333,1.455234,782400,,,
4/20/1999,1.583333,1.645833,1.536458,1.552083,1.426512,1692000,,,
4/21/1999,1.552083,1.583333,1.541667,1.578125,1.450447,937200,,,
4/22/1999,1.583333,1.583333,1.494792,1.510417,1.388217,5679600,,,
4/23/1999,1.505208,1.510417,1.427083,1.4375,1.3212,3151200,,,
4/26/1999,1.4375,1.458333,1.333333,1.364583,1.254183,3087600,,,
4/27/1999,1.395833,1.520833,1.375,1.510417,1.388217,5673600,,,
4/28/1999,1.520833,1.520833,1.453125,1.5,1.378643,3002400,,,
4/29/1999,1.505208,1.510417,1.46875,1.5,1.378643,1203600,,,
4/30/1999,1.515625,1.583333,1.505208,1.520833,1.397791,2482800,,,
5/3/1999,1.536458,1.536458,1.489583,1.53125,1.407365,846000,,,
5/4/1999,1.53125,1.53125,1.416667,1.447917,1.330774,2401200,,,
5/5/1999,1.458333,1.479167,1.375,1.479167,1.359496,3614400,,,
5/6/1999,1.46875,1.5,1.40625,1.450521,1.333167,890400,,,
5/7/1999,1.40625,1.46875,1.40625,1.458333,1.340347,625200,,,
5/10/1999,1.447917,1.489583,1.447917,1.458333,1.340347,492000,,,
5/11/1999,1.520833,1.583333,1.489583,1.536458,1.412152,4293600,,,
5/12/1999,1.552083,1.588542,1.53125,1.583333,1.455234,4212000,,,
5/13/1999,1.583333,1.625,1.578125,1.583333,1.455234,1748400,,,
5/14/1999,1.583333,1.583333,1.479167,1.5,1.378643,711600,,,
5/17/1999,1.479167,1.572917,1.473958,1.572917,1.445661,894000,,,
5/18/1999,1.588542,1.666667,1.541667,1.645833,1.512678,3788400,,,
5/19/1999,1.71875,1.78125,1.546875,1.572917,1.445661,11293200,,,
5/20/1999,1.583333,1.583333,1.390625,1.447917,1.330774,4454400,,,
5/21/1999,1.427083,1.427083,1.375,1.416667,1.302052,7587600,,,
5/24/1999,1.427083,1.458333,1.390625,1.411458,1.297265,4065600,,,
5/25/1999,1.416667,1.4375,1.40625,1.421875,1.306839,3252000,,,
5/26/1999,1.416667,1.489583,1.416667,1.416667,1.302052,2618400,,,
5/27/1999,1.427083,1.427083,1.40625,1.40625,1.292478,2058000,,,
5/28/1999,1.427083,1.427083,1.40625,1.421875,1.306839,2216400,,,
6/1/1999,1.416667,1.427083,1.395833,1.427083,1.311626,2463600,,,
6/2/1999,1.427083,1.427083,1.375,1.375,1.263756,3253200,,,
6/3/1999,1.411458,1.421875,1.395833,1.411458,1.297265,1039200,,,
6/4/1999,1.421875,1.427083,1.411458,1.421875,1.306839,1972800,,,
6/7/1999,1.429688,1.458333,1.427083,1.4375,1.3212,3128400,,,
6/8/1999,1.442708,1.5,1.4375,1.473958,1.354708,3832800,,,
6/9/1999,1.479167,1.53125,1.479167,1.5,1.378643,2379600,,,
6/10/1999,1.5,1.510417,1.489583,1.505208,1.38343,902400,,,
6/11/1999,1.505208,1.510417,1.421875,1.473958,1.354708,1525200,,,
6/14/1999,1.476563,1.479167,1.40625,1.416667,1.302052,1291200,,,
6/15/1999,1.416667,1.427083,1.395833,1.416667,1.302052,1232400,,,
6/16/1999,1.4375,1.5,1.416667,1.458333,1.340347,1610400,,,
6/17/1999,1.447917,1.46875,1.416667,1.416667,1.302052,1873200,,,
6/18/1999,1.427083,1.427083,1.364583,1.364583,1.254183,3968400,,,
6/21/1999,1.40625,1.4375,1.36849,1.4375,1.3212,2086800,,,
6/22/1999,1.4375,1.4375,1.380208,1.411458,1.297265,4826400,,,
6/23/1999,1.395833,1.4375,1.380208,1.4375,1.3212,5272800,,,
6/24/1999,1.447917,1.447917,1.395833,1.40625,1.292478,2880000,,,
6/25/1999,1.395833,1.442708,1.395833,1.427083,1.311626,1838400,,,
6/28/1999,1.473958,1.473958,1.416667,1.447917,1.330774,2728800,,,
6/29/1999,1.46875,1.484375,1.447917,1.463542,1.345135,2317200,,,
6/30/1999,1.510417,1.59375,1.479167,1.59375,1.464808,6730800,,,
7/1/1999,1.59375,1.59375,1.427083,1.510417,1.388217,2224800,,,
7/2/1999,1.53125,1.619792,1.5,1.619792,1.488743,5622000,,,
7/6/1999,1.635417,1.635417,1.604167,1.625,1.49353,4952400,,,
7/7/1999,1.635417,1.635417,1.59375,1.59375,1.464808,1578000,,,
7/8/1999,1.604167,1.65625,1.552083,1.630208,1.498317,4651200,,,
7/9/1999,1.625,1.78125,1.625,1.768229,1.625171,5293200,,,
7/12/1999,1.875,1.927083,1.802083,1.848958,1.699369,10026000,,,
7/13/1999,1.869792,1.880208,1.770833,1.854167,1.704157,3471600,,,
7/14/1999,1.854167,1.895833,1.770833,1.78125,1.637139,3448800,,,
7/15/1999,1.796875,1.854167,1.791667,1.791667,1.646713,3426000,,,
7/16/1999,1.822917,1.84375,1.791667,1.828125,1.680221,2596800,,,
7/19/1999,1.833333,1.838542,1.770833,1.78125,1.637139,1090800,,,
7/20/1999,1.78125,1.78125,1.6875,1.75,1.608417,4468800,,,
7/21/1999,1.729167,1.729167,1.645833,1.697917,1.560548,2802000,,,
7/22/1999,1.6875,1.6875,1.604167,1.619792,1.488743,5331600,,,
7/23/1999,1.614583,1.666667,1.614583,1.619792,1.488743,2006400,,,
7/26/1999,1.661458,1.661458,1.625,1.625,1.49353,1513200,,,
7/27/1999,1.625,1.635417,1.604167,1.630208,1.498317,2464800,,,
7/28/1999,1.625,1.677083,1.619792,1.65625,1.522252,6105600,,,
7/29/1999,1.625,1.677083,1.614583,1.671875,1.536613,9720000,,,
7/30/1999,1.671875,1.71875,1.666667,1.677083,1.5414,11307600,,,
8/2/1999,1.677083,1.697917,1.666667,1.692708,1.55576,7833600,,,
8/3/1999,1.692708,1.692708,1.635417,1.651042,1.517465,6380400,,,
8/4/1999,1.661458,1.666667,1.645833,1.651042,1.517465,2248800,,,
8/5/1999,1.651042,1.677083,1.625,1.677083,1.5414,6014400,,,
8/6/1999,1.671875,1.682292,1.666667,1.677083,1.5414,4599600,,,
8/9/1999,1.682292,1.697917,1.666667,1.677083,1.5414,776400,,,
8/10/1999,1.6875,1.78125,1.677083,1.708333,1.570121,5301600,,,
8/11/1999,1.739583,1.84375,1.71875,1.822917,1.675435,4942800,,,
8/12/1999,1.833333,1.958333,1.822917,1.911458,1.756813,5990400,,,
8/13/1999,1.895833,1.932292,1.875,1.890625,1.737665,2116800,,,
8/16/1999,1.90625,1.90625,1.755208,1.817708,1.670647,5586000,,,
8/17/1999,1.822917,1.854167,1.776042,1.822917,1.675435,4838400,,,
8/18/1999,1.802083,1.885417,1.765625,1.864583,1.71373,6997200,,,
8/19/1999,1.994792,2.364583,1.927083,2.260417,2.077539,49174800,,,
8/20/1999,2.265625,2.28125,2.15625,2.239583,2.058391,8827200,,,
8/23/1999,2.208333,2.208333,2.03125,2.104167,1.93393,12699600,,,
8/24/1999,2.072917,2.114583,1.96875,2.09375,1.924356,9951600,,,
8/25/1999,2.098958,2.119792,2,2.083333,1.914782,8758800,,,
8/26/1999,2.083333,2.114583,2.020833,2.052083,1.88606,6884400,,,
8/27/1999,2.09375,2.25,2.083333,2.166667,1.991374,13809600,,,
8/30/1999,2.203125,2.244792,2.067708,2.158854,1.984193,3966000,,,
8/31/1999,2.166667,2.354167,2.125,2.34375,2.15413,19671600,,,
9/1/1999,2.34375,2.34375,2.197917,2.234375,2.053604,14133600,,,
9/2/1999,2.161458,2.21875,2.114583,2.208333,2.02967,8527200,,,
9/3/1999,2.25,2.28125,2.208333,2.223958,2.04403,6471600,,,
9/7/1999,2.260417,2.260417,2.203125,2.213542,2.034457,3110400,,,
9/8/1999,2.21875,2.234375,2.208333,2.208333,2.02967,4251600,,,
9/9/1999,2.229167,2.244792,2.135417,2.177083,2.000947,5236800,,,
9/10/1999,2.213542,2.239583,2.197917,2.208333,2.02967,4185600,,,
9/13/1999,2.21875,2.21875,2.114583,2.135417,1.962652,4360800,,,
9/14/1999,2.135417,2.135417,2.0625,2.072917,1.905209,6259200,,,
9/15/1999,2.046875,2.114583,2.03125,2.088542,1.919569,5318400,,,
9/16/1999,2.0625,2.083333,2.010417,2.036458,1.8717,3952800,,,
9/17/1999,2.023438,2.041667,1.958333,2.03125,1.866913,4291200,,,
9/20/1999,1.994792,2.020833,1.958333,1.958333,1.799895,5727600,,,
9/21/1999,1.916667,1.927083,1.744792,1.770833,1.627565,18433200,,,
9/22/1999,1.770833,1.822917,1.666667,1.8125,1.665861,9399600,,,
9/23/1999,1.817708,1.822917,1.645833,1.661458,1.527039,9489600,,,
9/24/1999,1.666667,1.708333,1.395833,1.510417,1.388217,17122800,,,
9/27/1999,1.609375,1.635417,1.510417,1.604167,1.474383,10800000,,,
9/28/1999,1.606771,1.770833,1.604167,1.75,1.608417,10329600,,,
9/29/1999,1.786458,1.854167,1.583333,1.609375,1.479169,14851200,,,
9/30/1999,1.666667,1.71875,1.583333,1.604167,1.474383,8563200,,,
10/1/1999,1.578125,1.635417,1.510417,1.59375,1.464808,8694000,,,
10/4/1999,1.645833,1.651042,1.604167,1.625,1.49353,4440000,,,
10/5/1999,1.625,1.791667,1.625,1.78125,1.637139,11952000,,,
10/6/1999,1.786458,2.083333,1.770833,1.994792,1.833404,37718400,,,
10/7/1999,2.078125,2.078125,1.854167,1.864583,1.71373,12182400,,,
10/8/1999,1.864583,2.015625,1.791667,1.958333,1.799895,9973200,,,
10/11/1999,1.973958,1.979167,1.854167,1.90625,1.752026,13611600,,,
10/12/1999,1.916667,1.9375,1.875,1.880208,1.728091,8074800,,,
10/13/1999,1.859375,1.859375,1.791667,1.828125,1.680221,7009200,,,
10/14/1999,1.833333,1.833333,1.770833,1.791667,1.646713,4808400,,,
10/15/1999,1.703125,1.791667,1.697917,1.78125,1.637139,5268000,,,
10/18/1999,1.786458,1.786458,1.677083,1.6875,1.550974,5379600,,,
10/19/1999,1.739583,1.739583,1.588542,1.619792,1.488743,7723200,,,
10/20/1999,1.645833,1.697917,1.619792,1.677083,1.5414,8718000,,,
10/21/1999,1.671875,1.755208,1.625,1.755208,1.613204,9553200,,,
10/22/1999,1.75,1.848958,1.75,1.796875,1.6515,7168800,,,
10/25/1999,1.786458,1.8125,1.708333,1.708333,1.570121,5346000,,,
10/26/1999,1.78125,1.9375,1.770833,1.875,1.723305,12031200,,,
10/27/1999,1.885417,1.895833,1.760417,1.791667,1.646713,5353200,,,
10/28/1999,1.802083,1.833333,1.697917,1.708333,1.570121,5569200,,,
10/29/1999,1.729167,1.875,1.71875,1.84375,1.694583,8263200,,,
11/1/1999,1.8125,2.03125,1.8125,1.958333,1.799895,19563600,,,
11/2/1999,1.994792,2.09375,1.979167,2.083333,1.914782,20937600,,,
11/3/1999,2.166667,2.34375,2.151042,2.286458,2.101474,50292000,,,
11/4/1999,2.3125,2.494792,2.3125,2.432292,2.235509,31508400,,,
11/5/1999,2.5,2.520833,2.239583,2.354167,2.163705,15409200,,,
11/8/1999,2.28125,2.489583,2.208333,2.421875,2.225934,11750400,,,
11/9/1999,2.416667,2.427083,2.291667,2.385417,2.192426,6808800,,,
11/10/1999,2.393229,2.395833,2.317708,2.364583,2.173277,3601200,,,
11/11/1999,2.364583,2.65625,2.3125,2.53125,2.32646,14067600,,,
11/12/1999,2.640625,2.666667,2.489583,2.666667,2.450922,12537600,,,
11/15/1999,2.684896,2.765625,2.572917,2.614583,2.403052,9055200,,,
11/16/1999,2.677083,2.916667,2.666667,2.864583,2.632825,18094800,,,
11/17/1999,2.916667,3.125,2.875,2.973958,2.733351,19659600,,,
11/18/1999,3.036458,3.0625,2.958333,2.984375,2.742926,5899200,,,
11/19/1999,3.34375,3.697917,3.333333,3.572917,3.283852,54129600,,,
11/22/1999,3.664063,3.666667,3.354167,3.567708,3.279065,13504800,,,
11/23/1999,3.203125,3.348958,3.166667,3.3125,3.044504,13831200,,,
11/24/1999,3.296875,3.333333,2.963542,3.208333,2.948764,10171200,,,
11/26/1999,3.177083,3.208333,3.083333,3.1875,2.929617,1794000,,,
11/29/1999,3.177083,3.21875,3,3.072917,2.824305,7465200,,,
11/30/1999,3.083333,3.135417,2.885417,2.885417,2.651974,7867200,,,
12/1/1999,2.885417,3.072917,2.885417,3.03125,2.786008,5588400,,,
12/2/1999,3.041667,3.296875,3.041667,3.255208,2.991848,7747200,,,
12/3/1999,3.286458,3.34375,3.135417,3.177083,2.920043,8569200,,,
12/6/1999,3.1875,3.28125,3.1875,3.265625,3.001421,4465200,,,
12/7/1999,3.291667,3.296875,3.03125,3.15625,2.900895,4659600,,,
12/8/1999,3.145833,3.328125,3.135417,3.296875,3.030143,5042400,,,
12/9/1999,3.291667,3.375,3.083333,3.197917,2.939191,5373600,,,
12/10/1999,3.255208,3.270833,3.104167,3.161458,2.905683,2457600,,,
12/13/1999,3.125,3.234375,3.083333,3.151042,2.896108,4596000,,,
12/14/1999,3.15625,3.234375,3.067708,3.098958,2.848238,6847200,,,
12/15/1999,3.078125,3.09375,2.927083,3,2.757287,5149200,,,
12/16/1999,3.015625,3.0625,2.96875,2.979167,2.738139,3314400,,,
12/17/1999,3.0625,3.182292,3.046875,3.135417,2.881747,6552000,,,
12/20/1999,3.140625,3.457031,3.03125,3.395833,3.121095,10060800,,,
12/21/1999,3.395833,3.546875,3.270833,3.541667,3.255131,9709200,,,
12/22/1999,3.552083,3.666667,3.416667,3.625,3.331722,6279600,,,
12/23/1999,3.630208,3.875,3.614583,3.864583,3.551921,7005600,,,
12/27/1999,3.947917,3.953125,3.677083,3.71875,3.417886,5060400,,,
12/28/1999,3.71875,3.854167,3.697917,3.708333,3.408313,4479600,,,
12/29/1999,3.700521,3.875,3.697917,3.833333,3.523199,3303600,,,
12/30/1999,3.833333,3.890625,3.770833,3.864583,3.551921,3494400,,,
12/31/1999,3.856771,3.916667,3.84375,3.911458,3.595003,3183600,,,
1/3/2000,3.9375,3.96875,3.677083,3.901042,3.58543,7522800,,,
1/4/2000,3.833333,3.84375,3.604167,3.796875,3.489691,7512000,,,
1/5/2000,3.6875,3.75,3.619792,3.671875,3.374803,4708800,,,
1/6/2000,3.671875,3.671875,3.291667,3.432292,3.154604,3012000,,,
1/7/2000,3.416667,3.526042,3.364583,3.489583,3.20726,1779600,,,
1/10/2000,3.5,3.75,3.4375,3.604167,3.312574,5996400,,,
1/11/2000,3.583333,3.625,3.458333,3.458333,3.178538,3703200,,,
1/12/2000,3.458333,3.463542,3.322917,3.369792,3.09716,3088800,,,
1/13/2000,3.364583,3.541667,3.322917,3.510417,3.226408,3304800,,,
1/14/2000,3.5625,3.807292,3.552083,3.661458,3.36523,15114000,,,
1/18/2000,3.708333,3.833333,3.541667,3.817708,3.508838,6541200,,,
1/19/2000,3.833333,3.833333,3.75,3.78125,3.47533,4117200,,,
1/20/2000,3.8125,4.020833,3.739583,3.770833,3.465756,4489200,,,
1/21/2000,3.760417,3.776042,3.635417,3.729167,3.427461,13606800,,,
1/24/2000,3.848958,3.848958,3.541667,3.5625,3.274277,6423600,,,
1/25/2000,3.578125,3.614583,3.416667,3.53125,3.245555,5928000,,,
1/26/2000,3.53125,3.625,3.322917,3.385417,3.111521,5811600,,,
1/27/2000,3.411458,3.411458,3.083333,3.208333,2.948764,11455200,,,
1/28/2000,3.166667,3.1875,2.989583,3.114583,2.8626,4861200,,,
1/31/2000,3.130208,3.197917,2.916667,3.088542,2.838665,4560000,,,
2/1/2000,3.09375,3.1875,2.979167,3.161458,2.905683,2324400,,,
2/2/2000,3.177083,3.3125,3.161458,3.25,2.987061,3726000,,,
2/3/2000,3.354167,3.421875,3.28125,3.302083,3.034929,2706000,,,
2/4/2000,3.40625,3.40625,3.3125,3.380208,3.106735,3092400,,,
2/7/2000,3.395833,3.395833,3.166667,3.171875,2.915256,5437200,,,
2/8/2000,3.25,3.4375,3.166667,3.322917,3.054078,11720400,,,
2/9/2000,3.447917,3.505208,3.401042,3.40625,3.130669,14726400,,,
2/10/2000,3.614583,4.166667,3.614583,4.104167,3.772121,24252000,,,
2/11/2000,4.307292,4.3125,3.864583,4.166667,3.829565,10594800,,,
2/14/2000,4.177083,4.833333,4.135417,4.833333,4.442294,16252800,,,
2/15/2000,4.84375,4.848958,4.447917,4.645833,4.269964,11262000,,,
2/16/2000,4.697917,5.020833,4.645833,4.859375,4.46623,25489200,,,
2/17/2000,4.854167,5.0625,4.78125,5.03125,4.624199,13394400,,,
2/18/2000,4.958333,5.6875,4.921875,5.614583,5.160338,24021600,,,
2/22/2000,5.4375,5.510417,5.25,5.458333,5.016731,13562400,,,
2/23/2000,5.395833,5.546875,5.328125,5.489583,5.045451,12784800,,,
2/24/2000,5.520833,5.557292,5.208333,5.4375,4.997582,6108000,,,
2/25/2000,5.442708,5.442708,4.875,5.098958,4.686429,6968400,,,
2/28/2000,5.072917,5.125,4.979167,5.0625,4.652921,12946800,,,
2/29/2000,5.03125,5.395833,5.03125,5.333333,4.901843,7651200,,,
3/1/2000,5.333333,5.333333,5.09375,5.177083,4.758235,9589200,,,
3/2/2000,5.21875,5.21875,4.8125,4.828125,4.437508,4776000,,,
3/3/2000,4.833333,4.958333,4.791667,4.90625,4.509312,6842400,,,
3/6/2000,4.9375,5.3125,4.833333,4.875,4.48059,10802400,,,
3/7/2000,6.25,7.270833,5.979167,6.942708,6.381012,48805200,,,
3/8/2000,6.938802,7.0625,6.4375,7,6.433669,16718400,,,
3/9/2000,7.083333,9,7.0625,8.358073,7.681867,23823600,,,
3/10/2000,8.791667,12.083333,8.729167,9.833333,9.037768,54030000,,,
3/13/2000,8.916667,12.5,8.833333,12.4375,11.431252,60379200,,,
3/14/2000,12.369792,12.369792,9,9.177083,8.434614,39194400,,,
3/15/2000,9.834635,10.088542,8.5,8.802083,8.089953,24890400,,,
3/16/2000,9.083333,9.395833,7.71875,7.847656,7.212746,18759600,,,
3/17/2000,7.666667,8.916667,7.665365,8.322917,7.649557,13940400,,,
3/20/2000,8.651042,8.927083,8.052083,8.317708,7.64477,9132000,,,
3/21/2000,8.333333,8.40625,7.25,7.90625,7.266599,13416000,,,
3/22/2000,7.96875,8.208333,7.833333,7.963542,7.319255,5764800,,,
3/23/2000,7.890625,8.541667,7.875,8.104167,7.448504,7735200,,,
3/24/2000,8.052083,8.416667,7.5,7.765625,7.13735,5790000,,,
3/27/2000,7.75,8,7.1875,7.255208,6.668228,9723600,,,
3/28/2000,7.005208,7.083333,6.583333,6.713542,6.170385,9832800,,,
3/29/2000,6.739583,6.895833,6,6.270833,5.763494,11736000,,,
3/30/2000,6.083333,6.8125,5.875,6.234375,5.729986,9048000,,,
3/31/2000,6.660156,7.322917,6.541667,7.040365,6.470766,24074400,,,
4/3/2000,6.976563,7,6.307292,6.489583,5.964546,8248800,,,
4/4/2000,6.833333,6.947917,4.75,6.25,5.744347,12844800,,,
4/5/2000,6.3125,8.125,5.989583,7.640625,7.022463,15990000,,,
4/6/2000,7.994792,8.401042,7.614583,7.994792,7.347979,10114800,,,
4/7/2000,8.395833,8.75,8.041667,8.546875,7.855396,7964400,,,
4/10/2000,8.692708,9.197917,7.630208,7.791667,7.161286,9882000,,,
4/11/2000,7.248698,7.916667,6.666667,7.328125,6.735246,11439600,,,
4/12/2000,7.338542,7.5,6.541667,6.567708,6.03635,7836000,,,
4/13/2000,6.619792,6.854167,6.177083,6.286458,5.777855,7832400,,,
4/14/2000,5.885417,6.338542,5.458333,5.733073,5.269244,10548000,,,
4/17/2000,5.25,6.25,5.25,6.026042,5.538508,7352400,,,
4/18/2000,6.632813,7.479167,6.4375,7.09375,6.519835,11937600,,,
4/19/2000,7.317708,7.416667,6.666667,6.755208,6.208682,6958800,,,
4/20/2000,6.9375,7.067708,6.625,6.71875,6.175172,3848400,,,
4/24/2000,6.333333,6.614583,6.052083,6.385417,5.868808,5149200,,,
4/25/2000,6.671875,7.291667,6.65625,7.083333,6.51026,6242400,,,
4/26/2000,7.578125,7.75,7,7.010417,6.443242,6352800,,,
4/27/2000,6.541667,7.65625,6.505208,7.583333,6.969807,7024800,,,
4/28/2000,7.703125,8,7.427083,7.427083,6.8262,4476000,,,
5/1/2000,7.708333,7.875,7.484375,7.666667,7.046398,2985600,,,
5/2/2000,7.666667,8.114583,7.15625,7.369792,6.773542,5850000,,,
5/3/2000,7.322917,7.5625,6.666667,7.25,6.663444,8229600,,,
5/4/2000,7.234375,7.645833,7.171875,7.338542,6.744821,6030000,,,
5/5/2000,7.307292,7.854167,7.208333,7.677083,7.055974,4264800,,,
5/8/2000,7.479167,7.75,7.385417,7.395833,6.797477,4628400,,,
5/9/2000,7.520833,7.583333,7.083333,7.291667,6.701738,4420800,,,
5/10/2000,7.21875,7.223958,6.510417,6.572917,6.041138,6852000,,,
5/11/2000,6.666667,6.973958,6.578125,6.854167,6.299634,6147600,,,
5/12/2000,7.041667,7.416667,6.645833,6.645833,6.108155,4695600,,,
5/15/2000,6.614583,7.21875,6.291667,7.104167,6.529408,7052400,,,
5/16/2000,7.416667,8.057292,7.333333,7.833333,7.199582,9160800,,,
5/17/2000,8.25,9.552083,8.244792,9.208333,8.463336,32265600,,,
5/18/2000,9.260417,9.411458,8.526042,8.583333,7.888904,12747600,,,
5/19/2000,8.333333,8.791667,8.270833,8.510417,7.821886,13029600,,,
5/22/2000,8.416667,9.0625,7.671875,9.0625,8.329304,12928800,,,
5/23/2000,8.833333,9.828125,8.6875,8.989583,8.262285,19464000,,,
5/24/2000,8.979167,9.125,7.6875,8.875,8.156973,18490800,,,
5/25/2000,9.005208,9.541667,8.640625,8.75,8.042088,14229600,,,
5/26/2000,8.794271,9.036458,8.25,8.794271,8.082778,4586400,,,
5/30/2000,9.03125,9.385417,8.989583,9.15625,8.415468,7591200,,,
5/31/2000,9.125,9.666667,9.125,9.510417,8.740981,11738400,,,
6/1/2000,9.791667,9.880208,9.53125,9.776042,8.985117,10474800,,,
6/2/2000,9.979167,11.083333,9.979167,10.963542,10.076542,14804400,,,
6/5/2000,10.947917,11.75,10.510417,11.199219,10.293149,12297600,,,
6/6/2000,11.239583,11.65625,10.583333,10.640625,9.779749,9397200,,,
6/7/2000,10.5625,10.651042,10.010417,10.166667,9.34414,8308800,,,
6/8/2000,10.427083,10.4375,9.833333,10.244792,9.41594,11517600,,,
6/9/2000,10.4375,11,10.28125,10.536458,9.684011,11682000,,,
6/12/2000,10.583333,10.671875,10.020833,10.255208,9.425512,9500400,,,
6/13/2000,9.96875,10.583333,9.916667,10.578125,9.722307,11196000,,,
6/14/2000,10.776042,10.833333,10.428385,10.567708,9.712735,6877200,,,
6/15/2000,10.536458,10.84375,9.96875,10.84375,9.966443,8464800,,,
6/16/2000,10.804688,12.5,10.802083,12.479167,11.469544,24696000,,,
6/19/2000,12.447917,14.270833,12.135417,13.260417,12.187591,26304000,,,
6/20/2000,13.489583,13.645833,12.916667,13.083333,12.024834,15256800,,,
6/21/2000,12.880208,14.666667,12.880208,14.411458,13.245508,15372000,,,
6/22/2000,14.348958,14.645833,13.489583,13.625,12.522675,15358800,,,
6/23/2000,13.260417,13.427083,12.333333,12.338542,11.340298,15184800,,,
6/26/2000,12.583333,13.90625,12.385417,13.828125,12.709367,15457200,,,
6/27/2000,13.708333,13.9375,11.510417,11.875,10.914259,15115200,,,
6/28/2000,12.125,12.583333,11.083333,11.416667,10.493009,14665200,,,
6/29/2000,11.21875,11.21875,9.583333,9.770833,8.980329,29622000,,,
6/30/2000,10.229167,10.770833,9.729167,10.59375,9.736669,30229800,,,
7/3/2000,10.666667,11,10.083333,10.1875,9.363286,5817000,,,
7/5/2000,10.145833,10.166667,8.791667,9.09375,8.358025,19448400,,,
7/6/2000,9.104167,9.979167,8.885417,9.645833,8.865443,15098400,,,
7/7/2000,10,10.166667,9.5,9.697917,8.913313,8664000,,,
7/10/2000,9.53125,10.4375,9.4375,10.197917,9.372859,8781600,,,
7/11/2000,10.0625,11.541667,9.947917,11.020833,10.129198,18882600,,,
7/12/2000,11.479167,11.90625,11.114583,11.333333,10.416417,9703800,,,
7/13/2000,11.572917,12.458333,11.552083,12.395833,11.392955,11468400,,,
7/14/2000,12.645833,12.885417,12,12.302083,11.306789,7005000,,,
7/17/2000,12.489583,12.5,12.125,12.166667,11.182328,2638800,,,
7/18/2000,11.5,12.5,11.5,11.927083,10.962127,4591800,,,
7/19/2000,11.5,11.583333,10.927083,11.166667,10.263235,4737600,,,
7/20/2000,11.15625,11.75,11.125,11.46875,10.540874,3574800,,,
7/21/2000,11.5,11.833333,11.333333,11.614583,10.674911,6298200,,,
7/24/2000,11.625,11.708333,10.166667,10.625,9.765392,7027800,,,
7/25/2000,10.791667,10.875,10.208333,10.229167,9.401581,8382600,,,
7/26/2000,10.229167,10.229167,9.1875,9.46875,8.702684,9501600,,,
7/27/2000,9.166667,9.291667,8.666667,8.791667,8.080379,8289000,,,
7/28/2000,8.833333,9.65625,8.333333,9,8.271861,12816600,,,
7/31/2000,9.5,10.020833,9,10,9.190959,9280800,,,
8/1/2000,10,10.083333,9.729167,9.802083,9.009052,8765400,,,
8/2/2000,9.666667,10.161458,9.510417,10,9.190959,8635800,,,
8/3/2000,9,10.666667,9,10.4375,9.593059,9216600,,,
8/4/2000,10.6875,10.833333,10.458333,10.625,9.765392,4869600,,,
8/7/2000,10.697917,11.552083,10.65625,11.458333,10.531301,6173400,,,
8/8/2000,11.208333,11.833333,11.166667,11.208333,10.301528,3202800,,,
8/9/2000,11.354167,11.427083,10.71875,10.875,9.995165,3406200,,,
8/10/2000,10.625,11.25,10.416667,11,10.110049,3910800,,,
8/11/2000,11.020833,11.104167,10.229167,10.739583,9.870702,3298200,,,
8/14/2000,10.875,10.979167,10.5,10.84375,9.966443,2714400,,,
8/15/2000,10.895833,12.083333,10.864583,11.867188,10.90708,11083200,,,
8/16/2000,12.510417,12.510417,11.802083,12.166667,11.182328,6655800,,,
8/17/2000,12,12.458333,11.958333,12.395833,11.392955,3245400,,,
8/18/2000,12.34375,12.979167,12.322917,12.833333,11.795058,5118000,,,
8/21/2000,13.302083,13.53125,13,13.03125,11.976962,11611800,,,
8/22/2000,12.354167,12.625,11.6875,11.802083,10.847239,16471800,,,
8/23/2000,11.614583,12.510417,11.375,12.489583,11.47912,8820000,,,
8/24/2000,12.416667,12.947917,12.1875,12.822917,11.785487,8315400,,,
8/25/2000,12.6875,12.958333,12.4375,12.5,11.488694,3826200,,,
8/28/2000,12.5625,13.166667,12.416667,13,11.948243,4731600,,,
8/29/2000,13.052083,13.083333,12.833333,12.96875,11.919522,3734400,,,
8/30/2000,12.822917,13.260417,12.6875,13.083333,12.024834,4452000,,,
8/31/2000,13.28125,13.75,13.020833,13.229167,12.158866,9722400,,,
9/1/2000,13.5,13.625,13.104167,13.25,12.178015,5103600,,,
9/5/2000,13.5625,13.572917,13.177083,13.270833,12.197162,6153600,,,
9/6/2000,13.322917,13.322917,12.25,12.354167,11.35466,5753400,,,
9/7/2000,12.541667,13.041667,12.020833,13.020833,11.967393,5994000,,,
9/8/2000,12.875,13.166667,12.208333,12.25,11.25892,5566200,,,
9/11/2000,12.09375,12.166667,11.291667,11.75,10.799373,7147200,,,
9/12/2000,11.760417,12.375,11.5,11.677083,10.732354,3149400,,,
9/13/2000,11.645833,11.864583,11.395833,11.671875,10.727568,5999400,,,
9/14/2000,11.729167,12.25,11.416667,11.5625,10.62704,5408400,,,
9/15/2000,11.5,11.979167,11.416667,11.815104,10.859207,6064800,,,
9/18/2000,11.84375,11.916667,11,11.125,10.224937,4087200,,,
9/19/2000,10.614583,11.5,10.5,11.46875,10.540874,7527600,,,
9/20/2000,11.15625,11.375,10.916667,11.09375,10.196217,5689200,,,
9/21/2000,11.177083,11.822917,11.166667,11.570313,10.634227,8670600,,,
9/22/2000,10.427083,11.916667,10.416667,11.770833,10.818521,9681600,,,
9/25/2000,12.135417,12.791667,12.041667,12.614583,11.594007,11689200,,,
9/26/2000,12.75,13.0625,12.166667,12.916667,11.871653,8433600,,,
9/27/2000,12.8125,14.229167,12.8125,13.625,12.522675,16903200,,,
9/28/2000,13.5,14.125,13.166667,14.041667,12.905633,8345400,,,
9/29/2000,13.645833,14.166667,13.416667,13.645833,12.541824,9346800,,,
10/2/2000,13.833333,14.375,12.979167,13.322917,12.245035,8514600,,,
10/3/2000,13.395833,13.5,12.5,12.604167,11.584433,7506600,,,
10/4/2000,12.270833,12.666667,12.104167,12.458333,11.450399,10489200,,,
10/5/2000,12.552083,12.552083,11.90625,12.166667,11.182328,13126200,,,
10/6/2000,12.197917,12.28125,11.239583,11.40625,10.483432,25679400,,,
10/9/2000,11.114583,11.833333,10.333333,11.65625,10.713207,16631400,,,
10/10/2000,11.166667,11.729167,10.666667,10.770833,9.899423,10398600,,,
10/11/2000,10.114583,11.458333,9.708333,10.864583,9.985591,13394400,,,
10/12/2000,11.104167,11.75,10.333333,10.4375,9.593059,10040400,,,
10/13/2000,10.510417,11.166667,10.398438,10.854167,9.976015,14474400,,,
10/16/2000,10.854167,10.854167,10.354167,10.604167,9.746243,8480400,,,
10/17/2000,10.5625,10.604167,9.71875,9.833333,9.037768,11581200,,,
10/18/2000,9.197917,10.239583,8.760417,9.677083,8.894161,10423800,,,
10/19/2000,10.302083,10.75,10.145833,10.614583,9.755817,7372200,,,
10/20/2000,10.364583,11.875,10.291667,11.604167,10.665338,9684000,,,
10/23/2000,11.697917,11.770833,10.979167,11.34375,10.425987,4552800,,,
10/24/2000,11.291667,11.479167,10.9375,10.979167,10.090903,4849200,,,
10/25/2000,10.677083,10.833333,9.947917,10.020833,9.210102,9637800,,,
10/26/2000,10.083333,10.833333,9.375,10.447917,9.602635,6644400,,,
10/27/2000,10.458333,10.716146,9.833333,10.208333,9.382433,5274000,,,
10/30/2000,10.041667,10.268229,9.479167,9.489583,8.721835,4803000,,,
10/31/2000,9.864583,10.520833,9.5625,10.356771,9.518861,7481400,,,
11/1/2000,10.104167,10.5,9.75,10.354167,9.51647,7613400,,,
11/2/2000,10.71875,11.416667,10.541667,11.145833,10.244084,4822200,,,
11/3/2000,11,12.083333,10.916667,11.875,10.914259,6715800,,,
11/6/2000,12.15625,13.333333,12.083333,12.791667,11.756764,15876000,,,
11/7/2000,12.583333,12.583333,11.5,11.927083,10.962127,6456000,,,
11/8/2000,12.0625,12.0625,11.395833,11.572917,10.636617,4677000,,,
11/9/2000,10.875,11.416667,9.854167,10.364583,9.526042,14113200,,,
11/10/2000,10.71875,11.25,9.541667,9.802083,9.009052,20131200,,,
11/13/2000,9.3125,10.916667,9,9.84375,9.047344,13251000,,,
11/14/2000,10.5,11.729167,10.416667,11.645833,10.703632,11768400,,,
11/15/2000,11.4375,11.802083,10.96875,11.492188,10.562419,10596600,,,
11/16/2000,11.166667,11.458333,10.666667,10.770833,9.899423,5888400,,,
11/17/2000,10.854167,11.40625,10.208333,10.5625,9.707946,4469400,,,
11/20/2000,10.171875,10.177083,9.635417,9.75,8.961181,7468800,,,
11/21/2000,10.166667,10.25,9.0625,9.5625,8.788848,9562800,,,
11/22/2000,9.166667,9.458333,8.666667,9.0625,8.329304,10243800,,,
11/24/2000,9.166667,9.9375,9.166667,9.583333,8.807999,4126800,,,
11/27/2000,10.270833,10.333333,8.877604,9.260417,8.511207,9096600,,,
11/28/2000,9.401042,9.5,8.364583,8.570313,7.876935,9558600,,,
11/29/2000,8.697917,8.708333,7.395833,8.041667,7.391059,15910200,,,
11/30/2000,7.354167,7.354167,6.0625,6.75,6.203894,24540600,,,
12/1/2000,7.166667,8.125,7.125,7.416667,6.816627,19602000,,,
12/4/2000,7.463542,7.708333,6.958333,7.53125,6.921937,11856600,,,
12/5/2000,8.0625,8.354167,7.3125,8.020833,7.371912,24930600,,,
12/6/2000,7.864583,8.083333,6.833333,6.875,6.318782,23773200,,,
12/7/2000,6.541667,7.114583,6.1875,6.75,6.203894,19629600,,,
12/8/2000,7.447917,8.333333,6.752604,8.291667,7.620834,21334800,,,
12/11/2000,8.020833,8.458333,7.8125,8.291667,7.620834,18940800,,,
12/12/2000,8.083333,8.229167,7.791667,8.0625,7.410207,10237800,,,
12/13/2000,8.03125,8.166667,7.291667,7.4375,6.835772,16876800,,,
12/14/2000,7.385417,7.447917,6.75,6.927083,6.36665,14225400,,,
12/15/2000,6.489583,6.895833,6.208333,6.239583,5.734772,27360600,,,
12/18/2000,6.5,6.666667,6.354167,6.445313,5.923858,16471800,,,
12/19/2000,6.541667,7.125,5.833333,5.958333,5.476276,23655000,,,
12/20/2000,5.65625,6.479167,5.020833,5.3125,4.882696,27634800,,,
12/21/2000,5.239583,5.958333,4.583333,4.645833,4.269964,21131400,,,
12/22/2000,5.020833,6.375,5.020833,5.84375,5.370965,23727000,,,
12/26/2000,5.916667,5.979167,5.229167,5.604167,5.150764,8595600,,,
12/27/2000,5.541667,6.208333,5.3125,5.979167,5.495426,8486400,,,
12/28/2000,5.739583,6.166667,5.645833,6.010417,5.524147,10480800,,,
12/29/2000,6,6.197917,5.333333,5.460938,5.019124,12379200,,,
1/2/2001,5.5,5.572917,4.96875,4.989583,4.585903,7270200,,,
1/3/2001,4.833333,6.572917,4.708333,6.520833,5.993268,22759200,,,
1/4/2001,6.40625,7.4375,6.229167,7.270833,6.682589,20386200,,,
1/5/2001,7.208333,7.239583,6.041667,6.182292,5.682116,10819200,,,
1/8/2001,6.010417,7.041667,6.010417,6.770833,6.223041,14344200,,,
1/9/2001,6.864583,7.041667,6.53125,6.90625,6.347504,7572600,,,
1/10/2001,6.552083,7.416667,6.395833,7.385417,6.787904,9823200,,,
1/11/2001,7.208333,8.3125,7.083333,8,7.352763,11191200,,,
1/12/2001,8.135417,8.625,7.75,7.833333,7.199582,16725000,,,
1/16/2001,7.875,7.875,7.09375,7.21875,6.634721,10374600,,,
1/17/2001,7.770833,8,7.447917,7.479167,6.874069,14814600,,,
1/18/2001,7.479167,9.125,7.3125,8.914063,8.192876,23704200,,,
1/19/2001,9.166667,9.5,8.541667,8.677083,7.975068,25467600,,,
1/22/2001,8.416667,8.75,8.09375,8.333333,7.659129,9442800,,,
1/23/2001,8.229167,9.333333,8.1875,9.164063,8.422647,10840800,,,
1/24/2001,9.15625,9.25,8.59375,9.125,8.386747,11293200,,,
1/25/2001,8.8125,8.833333,8.020833,8.208333,7.54424,11000400,,,
1/26/2001,7.75,8.567708,7.692708,8.46875,7.78359,6481200,,,
1/29/2001,8.208333,8.520833,7.916667,8.510417,7.821886,8854200,,,
1/30/2001,8.645833,8.880208,8.479167,8.697917,7.994218,6093000,,,
1/31/2001,8.708333,9.041667,8.416667,8.604167,7.908052,8958600,,,
2/1/2001,8.604167,8.708333,8.229167,8.648438,7.94874,9296400,,,
2/2/2001,8.65625,8.854167,7.75,7.8125,7.180433,8013000,,,
2/5/2001,7.802083,7.854167,7.34375,7.802083,7.17086,9189600,,,
2/6/2001,7.65625,8,7.638021,7.84375,7.209155,6261000,,,
2/7/2001,7.791667,7.854167,7.0625,7.479167,6.874069,18009600,,,
2/8/2001,7.520833,7.947917,7.40625,7.4375,6.835772,9607200,,,
2/9/2001,7.375,7.427083,7.114583,7.385417,6.787904,6490200,,,
2/12/2001,7.302083,7.385417,6.833333,7.1875,6.605999,8858400,,,
2/13/2001,7.322917,7.75,7.239583,7.40625,6.807052,11693400,,,
2/14/2001,7.3125,8.166667,7,7.947917,7.304894,17272200,,,
2/15/2001,9.041667,9.5625,8.979167,9.40625,8.645243,27712800,,,
2/16/2001,8.927083,10.166667,8.916667,9.916667,9.114366,27029400,,,
2/20/2001,9.666667,9.875,8.916667,8.927083,8.204841,17532600,,,
2/21/2001,8.59375,9.708333,8.5,9.333333,8.578226,16162800,,,
2/22/2001,9.28125,10,9,9.729167,8.942034,20382600,,,
2/23/2001,9.677083,9.833333,8.75,9.057292,8.324517,25866600,,,
2/26/2001,8.791667,9.041667,8.46875,8.854167,8.137826,18795600,,,
2/27/2001,8.635417,8.979167,8.270833,8.322917,7.649557,13345800,,,
2/28/2001,8.260417,8.75,7.291667,7.447917,6.845347,19601400,,,
3/1/2001,7.354167,8.166667,6.666667,8.036458,7.386271,22882200,,,
3/2/2001,7.458333,7.989583,7.166667,7.263021,6.67541,35337600,,,
3/5/2001,6.979167,7.520833,6.9375,7.333333,6.740033,18557400,,,
3/6/2001,7.708333,8.302083,7.578125,8.041667,7.391059,20860200,,,
3/7/2001,8.21875,8.708333,8.072917,8.6875,7.98464,23457000,,,
3/8/2001,8.4375,9.072917,8.4375,8.979167,8.25271,20733600,,,
3/9/2001,8.510417,8.552083,7.5625,8.34375,7.668704,30419400,,,
3/12/2001,8.0625,8.4375,7.6875,8.041667,7.391059,19053600,,,
3/13/2001,8.145833,9.125,8.104167,9,8.271861,27058800,,,
3/14/2001,8.59375,9.541667,8.59375,9.510417,8.740981,33778200,,,
3/15/2001,10.09375,10.622396,9.729167,9.979167,9.171807,46899600,,,
3/16/2001,9.822917,10.208333,9.53125,9.9375,9.133511,30630000,,,
3/19/2001,9.885417,10.583333,9.346354,10.510417,9.660077,23597400,,,
3/20/2001,10.385417,11.041667,9.416667,9.53125,8.760131,49764000,,,
3/21/2001,9.552083,10.520833,9.5,10.239583,9.411156,46933800,,,
3/22/2001,10.333333,11.3125,10.25,11.270833,10.358972,42444000,,,
3/23/2001,11.479167,11.6875,10.604167,11.166667,10.263235,37741800,,,
3/26/2001,11.166667,11.833333,11.166667,11.770833,10.818521,38574000,,,
3/27/2001,11.541667,11.947917,10.854167,11.34375,10.425987,42553800,,,
3/28/2001,11.03125,11.645833,11,11.351563,10.433173,35832000,,,
3/29/2001,11.252604,11.916667,11.020833,11.520833,10.588747,40824000,,,
3/30/2001,11.4375,11.65625,10.75,10.820313,9.944901,35579400,,,
4/2/2001,10.791667,11.052083,10.229167,10.364583,9.526042,31629000,,,
4/3/2001,10.208333,10.989583,10.197917,10.708333,9.841983,49790400,,,
4/4/2001,10.302083,10.322917,8.96875,9.604167,8.827149,84061800,,,
4/5/2001,10.239583,10.65625,9.958333,10.489583,9.640928,43119000,,,
4/6/2001,10.354167,11,10.177083,10.447917,9.602635,38691600,,,
4/9/2001,10.65,10.908333,9.775,9.94,9.135809,27429000,,,
4/10/2001,10.178333,11.2,10.085,10.878333,9.998227,29660400,,,
4/11/2001,11.548333,11.966667,11.216667,11.535,10.601766,35671800,,,
4/12/2001,11.321667,12.208333,11.105,11.708333,10.761075,36006600,,,
4/16/2001,11.5,11.741667,11.213333,11.423333,10.499132,19102800,,,
4/17/2001,11.255,12.075,11.25,11.983333,11.013826,27811200,,,
4/18/2001,12.488333,14.066667,12.488333,12.876667,11.834887,57546600,,,
4/19/2001,12.95,14.205,12.891667,13.983333,12.852018,40806600,,,
4/20/2001,13.815,14.998333,13.45,14.493333,13.320757,44346000,,,
4/23/2001,14.178333,14.191667,13.583333,13.728333,12.617651,30975000,,,
4/24/2001,13.69,14.715,12.541667,12.756667,11.724597,45708000,,,
4/25/2001,12.79,13.798333,12.741667,13.343333,12.263798,35593200,,,
4/26/2001,13.633333,13.633333,12.166667,12.291667,11.297217,37150200,,,
4/27/2001,12.766667,13.221667,12.518333,13.166667,12.101425,22891800,,,
4/30/2001,13.525,14.658333,13.238333,13.883333,12.760108,39582000,,,
5/1/2001,13.933333,15.216667,13.708333,15.18,13.951869,46684200,,,
5/2/2001,15.575,15.575,14.633333,14.831667,13.631721,38694600,,,
5/3/2001,14.383333,14.833333,14.293333,14.766667,13.571979,24012600,,,
5/4/2001,14.333333,15.205,14.266667,14.97,13.758862,23838000,,,
5/7/2001,14.913333,15.75,14.738333,15.641667,14.376191,24390000,,,
5/8/2001,15.873333,15.88,14.376667,14.51,13.336076,40503600,,,
5/9/2001,14.048333,14.353333,13.733333,13.83,12.71109,32976000,,,
5/10/2001,14.23,14.398333,13.2,13.365,12.28371,24972600,,,
5/11/2001,13.331667,13.416667,12.756667,13.023333,11.969686,23030400,,,
5/14/2001,13.061667,13.29,12.591667,13.135,12.072321,17560800,,,
5/15/2001,13.25,14.166667,13.1,13.606667,12.505826,31065000,,,
5/16/2001,13.295,14.333333,13.21,14.248333,13.095576,23927400,,,
5/17/2001,14.295,14.916667,14.075,14.5,13.326887,22976400,,,
5/18/2001,14.451667,14.833333,14.1,14.383333,13.219658,14395800,,,
5/21/2001,14.351667,15.333333,14.063333,15.033333,13.81707,26617200,,,
5/22/2001,15.253333,15.633333,14.666667,15.483333,14.230661,26249400,,,
5/23/2001,16.091667,16.666668,15.166667,15.351667,14.10965,56122800,,,
5/24/2001,15.25,15.973333,14.791667,15.578333,14.317975,42014400,,,
5/25/2001,15.265,15.491667,15,15.283333,14.046843,23698800,,,
5/29/2001,15.196667,15.2,14.45,14.656667,13.470877,23014200,,,
5/30/2001,14.311667,15.038333,14.233333,14.383333,13.219658,82722600,,,
5/31/2001,14.498333,14.583333,13.96,14.268333,13.113962,31573200,,,
6/1/2001,14.366667,15.18,14.283333,15.058333,13.840049,25561800,,,
6/4/2001,15.068333,15.148333,14.626667,14.825,13.62559,15538800,,,
6/5/2001,14.808333,15.758333,14.783333,15.603333,14.340955,24679200,,,
6/6/2001,15.661667,15.875,15.433333,15.67,14.402224,17474400,,,
6/7/2001,15.531667,16.6,15.416667,16.555,15.215627,28528800,,,
6/8/2001,16.504999,16.530001,15.953333,16.125,14.820415,17817000,,,
6/11/2001,16.148333,16.166668,15.403333,15.653333,14.386906,14548200,,,
6/12/2001,15.325,16.408333,15.291667,16.174999,14.866367,27568200,,,
6/13/2001,16.293333,16.540001,15.491667,15.631667,14.366996,23467800,,,
6/14/2001,15.43,15.865,15.208333,15.598333,14.336358,23653800,,,
6/15/2001,15.416667,16.116667,15.13,15.841667,14.560006,27363600,,,
6/18/2001,15.801667,16.058332,15.041667,15.215,13.98404,21416400,,,
6/19/2001,15.501667,15.863333,14.075,14.383333,13.219658,37828200,,,
6/20/2001,14.118333,15.166667,13.825,15.001667,13.787966,43980000,,,
6/21/2001,14.941667,15.55,14.541667,15.285,14.048374,37114200,,,
6/22/2001,15.208333,15.615,15.016667,15.216667,13.985567,19029600,,,
6/25/2001,15.386667,15.45,14.743333,15.186667,13.957994,16000800,,,
6/26/2001,14.85,15.7,14.791667,15.625,14.360866,18948000,,,
6/27/2001,15.55,15.583333,14.876667,15.141667,13.91664,22393800,,,
6/28/2001,15.345,15.541667,15.166667,15.32,14.080541,22733400,,,
6/29/2001,15.375,15.7,15.201667,15.458333,14.207684,18273000,,,
7/2/2001,14.846667,14.971667,14.55,14.773333,13.578105,26000400,,,
7/3/2001,14.671667,15.116667,14.596667,14.961667,13.751202,10157400,,,
7/5/2001,14.783333,14.875,13.858333,13.876667,12.753983,25502400,,,
7/6/2001,13.668333,13.775,13.183333,13.45,12.361835,20070600,,,
7/9/2001,13.275,13.596667,12.883333,13.01,11.957434,25351800,,,
7/10/2001,13.183333,13.358333,12.958333,13.116667,12.055468,30543600,,,
7/11/2001,13.066667,13.301667,12.686667,13.091667,12.032492,22615800,,,
7/12/2001,13.708333,13.875,13.375,13.778333,12.663602,24538800,,,
7/13/2001,13.676667,13.826667,13.208333,13.493333,12.401665,17253600,,,
7/16/2001,13.341667,13.5,12.341667,12.408333,11.404442,29792400,,,
7/17/2001,12.2,13.223333,12.083333,13.101667,12.041684,29247600,,,
7/18/2001,12.79,13.143333,12.38,12.648333,11.625028,21024600,,,
7/19/2001,12.831667,13.386667,12.635,12.851667,11.811912,21000600,,,
7/20/2001,12.531667,12.816667,12.083333,12.481667,11.471845,18561600,,,
7/23/2001,12.5,12.516667,11.285,11.3,10.385782,38699400,,,
7/24/2001,11.451667,12.075,11.21,12.065,11.088887,34132800,,,
7/25/2001,12.043333,12.066667,11.546667,11.948333,10.981657,31147200,,,
7/26/2001,11.835,13.25,11.775,13.166667,12.101425,42853800,,,
7/27/2001,13.141667,13.645,12.75,13.5,12.407788,27367200,,,
7/30/2001,13.516667,13.571667,13.033333,13.178333,12.112145,14557200,,,
7/31/2001,13.196667,13.541667,12.716667,13.483333,12.392469,29694000,,,
8/1/2001,13.748333,14.376667,13.653333,14.306667,13.149195,30123600,,,
8/2/2001,14.488333,14.698333,13.998333,14.646667,13.461687,27448200,,,
8/3/2001,14.5,14.756667,14.226667,14.531667,13.355989,20508600,,,
8/6/2001,14.428333,15.12,14.273333,14.971667,13.760394,32314200,,,
8/7/2001,14.968333,15.041667,14.575,14.75,13.556661,27215400,,,
8/8/2001,14.621667,15,14.31,14.375,13.211997,28142400,,,
8/9/2001,14.308333,14.59,13.866667,14.123333,12.980691,41090400,,,
8/10/2001,14.116667,14.3,13.683333,14.106667,12.965371,25912200,,,
8/13/2001,14.348333,14.858333,14.135,14.698333,13.50917,37869600,,,
8/14/2001,14.431667,14.525,14.126667,14.308333,13.150726,58029000,,,
8/15/2001,14.631667,14.803333,14.198333,14.325,13.166042,45409800,,,
8/16/2001,14.061667,14.95,14.005,14.928333,13.720562,25652400,,,
8/17/2001,14.55,14.74,13.843333,13.961667,12.832106,41721000,,,
8/20/2001,13.873333,14.015,13.44,13.865,12.743258,29583000,,,
8/21/2001,13.9,14.266667,13.551667,13.573333,12.475186,29666400,,,
8/22/2001,13.813333,14.146667,13.375,14.131667,12.988351,37452600,,,
8/23/2001,14.083333,14.265,13.75,13.818333,12.700368,25339800,,,
8/24/2001,13.966667,14.498333,13.885,14.213333,13.063411,27773400,,,
8/27/2001,13.895,14.893333,13.841667,14.705,13.515301,31990200,,,
8/28/2001,14.665,14.991667,14.4,14.513333,13.339139,29469000,,,
8/29/2001,14.553333,14.645,13.925,14.046667,12.910228,35895000,,,
8/30/2001,13.783333,14.1,13.458333,14.001667,12.868871,35782800,,,
8/31/2001,13.908333,14.246667,13.725,14.118333,12.976095,22197600,,,
9/4/2001,14.08,14.08,13.038333,13.136667,12.073851,46403400,,,
9/5/2001,13.125,13.516667,12.591667,13.416667,12.331202,59889600,,,
9/6/2001,13.151667,13.566667,12.808333,12.868333,11.827229,48769200,,,
9/7/2001,12.666667,13.2,12.6,13.003333,11.951305,49256400,,,
9/10/2001,12.893333,13.091667,12.365,12.626667,11.605113,46809000,,,
9/17/2001,11.84,12.13,11.273333,11.33,10.413351,28464900,,,
9/18/2001,11.55,11.633333,10.39,10.646667,9.785303,22359300,,,
9/19/2001,10.706667,10.83,9.02,10.516667,9.665819,39047700,,,
9/20/2001,9.953333,10.316667,9.333333,9.626667,8.847825,36767400,,,
9/21/2001,8.883333,9.426667,8.67,8.99,8.26267,30657600,,,
9/24/2001,9.703333,10.146667,9.273333,10,9.190959,37687500,,,
9/25/2001,10.03,10.463333,9.58,9.61,8.832508,23543100,,,
9/26/2001,9.733333,9.766667,9.166667,9.263333,8.513889,10770300,,,
9/27/2001,9.23,9.333333,8.503333,8.75,8.042088,22682400,,,
9/28/2001,9,9.603333,8.616667,9.156667,8.415852,26121900,,,
10/1/2001,9.15,9.3,8.233333,8.38,7.702019,24320100,,,
10/2/2001,8.366667,8.7,7.553333,7.96,7.315999,28075800,,,
10/3/2001,7.92,10.03,7.92,9.526667,8.755916,44970600,,,
10/4/2001,10.033333,11.266667,9.686667,10.763333,9.892529,49514400,,,
10/5/2001,10.6,11.23,10.196667,10.966667,10.079415,26955300,,,
10/8/2001,10.533333,11.63,10.533333,11.213333,10.306127,19147500,,,
10/9/2001,11.243333,11.466667,10.406667,10.726667,9.858832,22938900,,,
10/10/2001,10.536667,11.5,10.466667,11.416667,10.493009,24203100,,,
10/11/2001,12.026667,12.686667,11.963333,12.653333,11.629621,22950000,,,
10/12/2001,12.333333,13.5,12.29,13.476667,12.386344,31327500,,,
10/15/2001,13.083333,13.833333,12.716667,13.416667,12.331202,22714200,,,
10/16/2001,13.4,14.873333,13.123333,14.766667,13.571979,34596300,,,
10/17/2001,15.093333,15.1,13.833333,13.9,12.775429,42388500,,,
10/18/2001,13.9,14.623333,13.866667,14.486667,13.314633,25521600,,,
10/19/2001,14.28,15,14.1,14.786667,13.59036,26481600,,,
10/22/2001,14.676667,15.333333,14.35,15.136667,13.912043,24270600,,,
10/23/2001,15.33,15.603333,14.533333,14.87,13.66695,23825700,,,
10/24/2001,14.6,15.563333,14.433333,15.526667,14.270489,30303600,,,
10/25/2001,15.166667,16.713333,14.933333,16.436666,15.106868,28809900,,,
10/26/2001,16.323334,16.813334,15.166667,15.263333,14.02846,27428100,,,
10/29/2001,15.316667,15.583333,14.006667,14.023333,12.888781,25119900,,,
10/30/2001,13.766667,14.646667,13.45,14,12.867337,28834500,,,
10/31/2001,14.523333,14.916667,14.083333,14.286667,13.130809,24732300,,,
11/1/2001,14.47,15.623333,14.25,15.506667,14.25211,27344400,,,
11/2/2001,15.436667,15.913333,14.866667,15.723333,14.451245,27181200,,,
11/5/2001,15.996667,16.433332,15.68,15.78,14.503328,23336400,,,
11/6/2001,15.75,16.936666,15.666667,16.863333,15.499013,35384400,,,
11/7/2001,16.733334,17.526667,16.636667,16.876667,15.511269,35478600,,,
11/8/2001,17.086666,17.313334,16.083332,16.583332,15.241667,47879700,,,
11/9/2001,17.316668,17.746668,16.996668,17.733334,16.298626,56762100,,,
11/12/2001,17.666668,18.663334,17.126667,18.209999,16.736731,36465900,,,
11/13/2001,18.266666,18.27,17.799999,18.059999,16.598864,36162900,,,
11/14/2001,18.193333,18.366667,17.066668,17.556667,16.136257,28755600,,,
11/15/2001,17.356667,17.889999,17.136667,17.65,16.222027,21873600,,,
11/16/2001,17.666668,17.853333,17.26,17.496668,16.081102,12403200,,,
11/19/2001,17.67,17.833332,16.166668,17.113333,15.728785,48576300,,,
11/20/2001,17.196667,17.496668,16.443333,16.633333,15.287621,23447100,,,
11/21/2001,16.353333,16.856667,15.933333,16.42,15.091548,18210300,,,
11/23/2001,16.483334,16.666668,16.200001,16.65,15.302938,6350400,,,
11/26/2001,16.93,17.863333,16.883333,17.84,16.396666,30394500,,,
11/27/2001,17.83,18.433332,17.5,18.030001,16.571293,29599800,,,
11/28/2001,17.799999,18.096666,17.08,17.120001,15.734914,18521100,,,
11/29/2001,18.363333,18.456667,17.799999,17.870001,16.424238,128386800,,,
11/30/2001,17.863333,18.343332,17.6,18.213333,16.739792,25850700,,,
12/3/2001,17.83,18.053333,17.616667,17.936666,16.48551,21287400,,,
12/4/2001,18.026667,19.4,18.026667,19.379999,17.812067,34616100,,,
12/5/2001,19.533333,20.983334,19.516666,20.943333,19.248924,42675900,,,
12/6/2001,20.780001,20.833332,20.09,20.613333,18.94562,28473600,,,
12/7/2001,20.459999,20.646667,19.626667,19.983334,18.366592,20175900,,,
12/10/2001,19.883333,20.639999,19.716667,20.183332,18.550411,17396700,,,
12/11/2001,20.536667,21.383333,20.333332,20.906668,19.215229,19806300,,,
12/12/2001,21.066668,21.566668,20.66,21.556667,19.812639,25115700,,,
12/13/2001,21.133333,21.403334,20.853333,20.936666,19.242792,22035000,,,
12/14/2001,20.933332,21.983334,20.836666,21.879999,20.109802,18867000,,,
12/17/2001,21.713333,22.983334,21.713333,22.666668,20.832836,27024000,,,
12/18/2001,22.17,22.483334,21.896667,22.083332,20.296692,22174200,,,
12/19/2001,21.719999,22.163334,21.396667,21.48,19.742172,21366300,,,
12/20/2001,21.566668,21.956667,20.556667,20.633333,18.964005,23780700,,,
12/21/2001,21.083332,21.666668,20.84,21.526667,19.785057,18099300,,,
12/24/2001,21.516666,22.173332,21.506666,22.063334,20.278313,6632700,,,
12/26/2001,22.173332,22.98,22.17,22.603333,20.774618,16053900,,,
12/27/2001,22.799999,23.23,22.766666,23.126667,21.255615,18253800,,,
12/28/2001,23.263332,23.416668,22.346666,22.57,20.743979,18942000,,,
12/31/2001,22.736668,22.866667,22.25,22.299999,20.495831,18439500,,,
1/2/2002,22.396667,22.816668,21.833332,22.433332,20.618378,32472600,,,
1/3/2002,22.48,24,22.466667,23.903334,21.969444,35368800,,,
1/4/2002,24.219999,24.219999,22.799999,23.206667,21.329142,23407200,,,
1/7/2002,23.299999,23.333332,22.27,22.583332,20.756245,24326700,,,
1/8/2002,22.536667,23.393333,22.459999,22.85,21.001328,19359000,,,
1/9/2002,23.166668,23.583332,22.216667,22.536667,20.713352,28529700,,,
1/10/2002,22.416668,22.723333,21.799999,21.996668,20.217039,24812700,,,
1/11/2002,22.143333,22.15,20.936666,21.023333,19.322449,34521300,,,
1/14/2002,20.976667,21.123333,19.92,19.92,18.308378,34239000,,,
1/15/2002,20.75,21.793333,20.726667,21.780001,20.017897,45970200,,,
1/16/2002,21.483334,21.623333,20.85,20.93,19.23667,27884700,,,
1/17/2002,21.623333,21.666668,20.84,21.663334,19.910673,28038600,,,
1/18/2002,20.846666,21.416668,20.833332,21.266666,19.546099,20091900,,,
1/22/2002,21.466667,21.523333,20.493334,20.733334,19.055912,27125700,,,
1/23/2002,20.92,21.273333,20.506666,21.123333,19.414362,22229100,,,
1/24/2002,21.333332,22.1,20.883333,21.879999,20.109802,28442100,,,
1/25/2002,21.566668,22.366667,21.299999,21.823334,20.057722,20443800,,,
1/28/2002,22.25,22.666668,22.030001,22.663334,20.829771,23107200,,,
1/29/2002,22.716667,22.783333,21.200001,21.553333,19.809572,34548300,,,
1/30/2002,21.666668,21.83,21.15,21.813334,20.048538,30461400,,,
1/31/2002,22.096666,22.266666,21.183332,21.913334,20.140448,24349500,,,
2/1/2002,21.876667,22.110001,21.25,21.376667,19.647192,17206800,,,
2/4/2002,21.33,21.85,20.336666,20.370001,18.721972,27621600,,,
2/5/2002,20.233334,20.41,19.376667,20.17,18.538157,36865500,,,
2/6/2002,20.703333,21.030001,20.299999,20.673332,19.000765,31063200,,,
2/7/2002,20.700001,20.700001,19.906668,20.003332,18.384974,24111900,,,
2/8/2002,20.136667,20.25,18.476667,19.24,17.683392,46782300,,,
2/11/2002,19.209999,20.333332,19.139999,20.303333,18.660702,31230600,,,
2/12/2002,19.996668,21.116667,19.766666,20.733334,19.055912,30412500,,,
2/13/2002,21,21.353333,20.266666,20.466667,18.810818,30760800,,,
2/14/2002,20.639999,21.15,20.379999,20.719999,19.043661,30642300,,,
2/15/2002,19.766666,19.883333,18.916668,19.116667,17.570047,99713700,,,
2/19/2002,18.299999,18.49,17.703333,17.85,16.405851,49313100,,,
2/20/2002,17.533333,18.983334,17.5,18.783333,17.263678,45968400,,,
2/21/2002,18.526667,18.533333,17.476667,17.5,16.084175,38276100,,,
2/22/2002,17.15,17.35,16.416668,16.639999,15.293752,64640400,,,
2/25/2002,16.716667,18.073334,16.713333,17.943333,16.491634,39989100,,,
2/26/2002,18.336666,18.65,17.85,18.333332,16.85008,47566800,,,
2/27/2002,18.75,18.83,17.666668,17.716667,16.283312,43080600,,,
2/28/2002,17.6,17.916668,16.853333,17.003332,15.627687,39636000,,,
3/1/2002,17.166668,18.666668,17.116667,18.646667,17.138065,32784900,,,
3/4/2002,18.703333,19.9,18.523333,19.686666,18.093929,37118100,,,
3/5/2002,19.383333,20.163334,19.366667,19.636667,18.047976,34486200,,,
3/6/2002,19.049999,19.243334,18.610001,19.02,17.481197,36151500,,,
3/7/2002,19.290001,19.353333,18.34,18.866667,17.340273,33663300,,,
3/8/2002,19.226667,19.83,19.133333,19.43,17.85803,31758900,,,
3/11/2002,19.216667,19.43,18.883333,19.203333,17.649696,20263500,,,
3/12/2002,18.616667,18.716667,18.066668,18.196667,16.72448,31375800,,,
3/13/2002,18.026667,18.156668,17.799999,17.866667,16.421175,25790400,,,
3/14/2002,17.733334,17.733334,16.84,16.876667,15.511269,28486500,,,
3/15/2002,16.996668,17.610001,16.673332,17.59,16.166889,31207200,,,
3/18/2002,17.91,18.296667,17.389999,17.59,16.166889,30924900,,,
3/19/2002,17.716667,17.75,17.113333,17.216667,15.823761,21151800,,,
3/20/2002,16.933332,16.966667,15.45,15.506667,14.25211,57314700,,,
3/21/2002,15.77,16.516666,15.353333,16.33,15.008829,43042800,,,
3/22/2002,16.623333,16.623333,16.066668,16.190001,14.880156,31228500,,,
3/25/2002,16.113333,16.133333,15.333333,15.353333,14.111181,22104000,,,
3/26/2002,15.193333,16.056667,15.106667,15.666667,14.399165,28087800,,,
3/27/2002,15.426667,15.74,14.9,15.166667,13.939615,26700300,,,
3/28/2002,15.27,15.366667,13.956667,14.786667,13.59036,78102000,,,
4/1/2002,13.966667,14.656667,13.52,14.543333,13.366713,59133600,,,
4/2/2002,14.106667,14.896667,14.08,14.163333,13.017452,35950200,,,
4/3/2002,14.226667,14.613333,13.933333,14.43,13.262548,27366000,,,
4/4/2002,14.32,14.85,14.123333,14.36,13.198211,28274100,,,
4/5/2002,14.453333,14.686667,13.886667,14.033333,12.89797,25672500,,,
4/8/2002,13.383333,14.503333,13.38,14.503333,13.329949,28782900,,,
4/9/2002,14.646667,14.766667,13.553333,13.586667,12.487446,34519200,,,
4/10/2002,13.696667,13.8,11.866667,12.836667,11.798122,92243100,,,
4/11/2002,12.733333,12.896667,12.133333,12.273333,11.280365,35932200,,,
4/12/2002,12.546667,12.646667,11.843333,12.226667,11.237474,34422000,,,
4/15/2002,12.463333,12.93,12.433333,12.72,11.690893,28930200,,,
4/16/2002,13.29,13.426667,13.013333,13.273333,12.199461,21371400,,,
4/17/2002,13.43,13.626667,13.01,13.43,12.343453,23612100,,,
4/18/2002,13.293333,13.436667,12.916667,13.206667,12.138189,17328900,,,
4/19/2002,12.76,12.916667,12.29,12.306667,11.311003,28141800,,,
4/22/2002,12.17,12.616667,12.166667,12.366667,11.366149,20204400,,,
4/23/2002,12.463333,12.606667,11.756667,11.866667,10.9066,19337700,,,
4/24/2002,12.003333,12.18,10.796667,10.826667,9.95074,39573900,,,
4/25/2002,10.783333,11.463333,10.78,11.246667,10.336761,29207400,,,
4/26/2002,11.37,11.383333,10.123333,10.123333,9.304311,29778000,,,
4/29/2002,11.32,11.98,10.94,11.81,10.854519,98271300,,,
4/30/2002,12.09,12.25,11.35,11.603333,10.664571,44412600,,,
5/1/2002,11.413333,11.976667,11.116667,11.813333,10.857581,42972600,,,
5/2/2002,11.87,12.163333,11.333333,11.336667,10.419479,28127100,,,
5/3/2002,11.35,11.436667,10.86,10.916667,10.033463,21318900,,,
5/6/2002,10.633333,11.133333,10.413333,10.5,9.650504,27551100,,,
5/7/2002,10.733333,10.956667,10.236667,10.763333,9.892529,35311200,,,
5/8/2002,11.496667,12.186667,11.133333,12,11.029146,42217200,,,
5/9/2002,11.963333,12.21,11.466667,11.486667,10.557343,30771000,,,
5/10/2002,11.723333,11.766667,10.5,10.626667,9.766923,33038700,,,
5/13/2002,10.736667,11.306667,10.646667,11.27,10.358205,20022300,,,
5/14/2002,11.99,12.516667,11.783333,12.39,11.387593,38152800,,,
5/15/2002,12.2,12.866667,12.03,12.633333,11.611237,37613700,,,
5/16/2002,12.636667,12.916667,12.38,12.656667,11.632683,24639000,,,
5/17/2002,13,13.093333,12.676667,13.056667,12.000324,23360100,,,
5/20/2002,12.946667,13.283333,12.886667,13.196667,12.128999,23835300,,,
5/21/2002,13.366667,13.55,12.176667,12.19,11.203775,34565100,,,
5/22/2002,12.286667,12.756667,12.266667,12.683333,11.657196,38699700,,,
5/23/2002,12.72,12.746667,11.533333,11.91,10.946425,63919500,,,
5/24/2002,11.683333,11.743333,11.406667,11.676667,10.731967,18444600,,,
5/28/2002,11.78,11.786667,10.98,11.213333,10.306127,34177200,,,
5/29/2002,11.033333,11.683333,10.863333,11.636667,10.695209,32775300,,,
5/30/2002,11.4,11.743333,11.176667,11.466667,10.53896,26652000,,,
5/31/2002,11.533333,11.583333,11.133333,11.153333,10.250977,16852800,,,
6/3/2002,10.883333,10.933333,10.363333,10.496667,9.647441,22531200,,,
6/4/2002,10.43,11.083333,10.413333,11.026667,10.134561,27385800,,,
6/5/2002,11.05,11.053333,10.483333,10.866667,9.987504,27857700,,,
6/6/2002,10.753333,11.016667,10.75,10.87,9.99057,18483900,,,
6/7/2002,9.986667,10.9,9.983333,10.766667,9.895596,34282500,,,
6/10/2002,10.91,11.213333,10.65,10.676667,9.812877,18728700,,,
6/11/2002,10.853333,10.9,10.17,10.196667,9.371711,21482700,,,
6/12/2002,9.953333,10.133333,8.89,9.316667,8.562906,56688600,,,
6/13/2002,9.386667,9.56,8.926667,9.22,8.474058,31647300,,,
6/14/2002,8.88,9.463333,8.58,9.393333,8.633369,27911100,,,
6/17/2002,9.603333,9.726667,9.313333,9.476667,8.70996,26353500,,,
6/18/2002,9.36,9.7,9.25,9.426667,8.664008,25207500,,,
6/19/2002,8.966667,8.966667,7.88,7.95,7.30681,64840500,,,
6/20/2002,7.966667,8.183333,7.773333,7.876667,7.239408,35626200,,,
6/21/2002,7.836667,8.14,7.393333,7.553333,6.942234,37109100,,,
6/24/2002,7.36,7.93,7.133333,7.693333,7.070907,34489800,,,
6/25/2002,7.833333,7.833333,7.01,7.056667,6.485751,29305800,,,
6/26/2002,6.256667,6.926667,6.083333,6.69,6.148749,51695700,,,
6/27/2002,6.936667,6.99,5.6,5.693333,5.232717,79570200,,,
6/28/2002,5.6,5.963333,5.476667,5.726667,5.263354,49779600,,,
7/1/2002,5.7,5.866667,5.593333,5.713333,5.251099,29109300,,,
7/2/2002,5.646667,5.666667,5.206667,5.353333,4.920226,34204500,,,
7/3/2002,5.32,5.826667,5.316667,5.816667,5.346073,26832600,,,
7/5/2002,6.233333,6.333333,6.053333,6.33,5.817873,18488100,,,
7/8/2002,6.256667,6.746667,6.25,6.52,5.992503,39679500,,,
7/9/2002,6.536667,6.62,6.06,6.2,5.698392,26877000,,,
7/10/2002,6.35,6.4,5.986667,6.03,5.542146,23174700,,,
7/11/2002,5.996667,6.666667,5.943333,6.643333,6.105858,28598700,,,
7/12/2002,7,7.026667,6.5,6.636667,6.099731,33622500,,,
7/15/2002,6.653333,7.3,6.353333,7.296667,6.706334,37381800,,,
7/16/2002,7.116667,7.783333,6.983333,7.1,6.525578,44335800,,,
7/17/2002,6.946667,7.083333,6.22,6.496667,5.971059,48059100,,,
7/18/2002,6.39,6.766667,6.313333,6.33,5.817873,31079700,,,
7/19/2002,6.136667,6.38,6,6.043333,5.554401,21144300,,,
7/22/2002,6.016667,6.186667,5.516667,5.763333,5.297055,32268600,,,
7/23/2002,5.796667,5.833333,5.136667,5.333333,4.901843,35241300,,,
7/24/2002,5.26,5.76,5.256667,5.673333,5.214334,29377500,,,
7/25/2002,5.453333,5.47,4.836667,5.02,4.613858,44911200,,,
7/26/2002,5.166667,5.286667,4.766667,4.903333,4.506632,30547500,,,
7/29/2002,5.106667,5.133333,4.876667,5.04,4.632241,30693000,,,
7/30/2002,5.016667,5.66,5,5.406667,4.969244,45450300,,,
7/31/2002,3.94,4.02,3.646667,3.69,3.391462,120928500,,,
8/1/2002,3.72,3.72,3.333333,3.336667,3.066715,43142700,,,
8/2/2002,3.443333,3.466667,3.033333,3.116667,2.864515,44881500,,,
8/5/2002,3.07,3.076667,2.83,2.866667,2.63474,33267900,,,
8/6/2002,3,3.13,2.953333,3.016667,2.772605,29220000,,,
8/7/2002,3.15,3.18,2.833333,2.946667,2.708268,22324500,,,
8/8/2002,2.976667,3.193333,2.9,3.14,2.88596,18885600,,,
8/9/2002,3.056667,3.166667,3.003333,3.066667,2.81856,14532600,,,
8/12/2002,3.033333,3.183333,2.953333,3.066667,2.81856,14820000,,,
8/13/2002,3.086667,3.236667,3,3.003333,2.76035,16360500,,,
8/14/2002,3.06,3.233333,3.033333,3.206667,2.947233,15817200,,,
8/15/2002,3.326667,3.496667,3.293333,3.43,3.152498,28503000,,,
8/16/2002,3.246667,3.683333,3.146667,3.563333,3.275043,41435700,,,
8/19/2002,3.716667,4.483333,3.71,4.216667,3.875521,56098200,,,
8/20/2002,4.25,4.333333,3.976667,4.03,3.703954,35737200,,,
8/21/2002,4.213333,4.296667,4.016667,4.243333,3.900028,29871900,,,
8/22/2002,4.116667,4.283333,4.073333,4.1,3.768291,33962400,,,
8/23/2002,3.983333,4.01,3.806667,3.83,3.520135,22998300,,,
8/26/2002,3.903333,3.93,3.68,3.86,3.547708,17464200,,,
8/27/2002,3.926667,3.946667,3.616667,3.64,3.345508,17167800,,,
8/28/2002,3.62,3.626667,3.4,3.413333,3.137179,17508900,,,
8/29/2002,3.37,3.613333,3.343333,3.456667,3.177007,20388000,,,
8/30/2002,3.423333,3.566667,3.3,3.366667,3.094288,26647200,,,
9/3/2002,3.206667,3.223333,3.106667,3.16,2.904342,21182100,,,
9/4/2002,3.17,3.253333,3.003333,3.14,2.88596,23263800,,,
9/5/2002,3.11,3.123333,3,3.02,2.775668,17857800,,,
9/6/2002,3.146667,3.173333,3.04,3.086667,2.836942,18661500,,,
9/9/2002,3.063333,3.18,2.97,3.083333,2.833877,14451000,,,
9/10/2002,3.066667,3.683333,3.063333,3.523333,3.23828,57940800,,,
9/11/2002,3.633333,3.966667,3.633333,3.696667,3.39759,41438400,,,
9/12/2002,3.606667,3.803333,3.54,3.58,3.290362,32373300,,,
9/13/2002,3.543333,3.713333,3.5,3.523333,3.23828,19921800,,,
9/16/2002,3.47,3.483333,3.216667,3.3,3.033016,23136600,,,
9/17/2002,3.446667,3.53,3.23,3.25,2.987061,22101300,,,
9/18/2002,3.2,3.263333,3.063333,3.16,2.904342,20292300,,,
9/19/2002,3.09,3.2,3.036667,3.053333,2.806305,15462300,,,
9/20/2002,3.076667,3.14,3.003333,3.07,2.821623,17182800,,,
9/23/2002,3.02,3.05,2.916667,2.936667,2.699077,13041900,,,
9/24/2002,2.903333,3.1,2.85,2.96,2.720523,15611100,,,
9/25/2002,3.133333,3.183333,3.01,3.123333,2.870641,22415400,,,
9/26/2002,3.183333,3.216667,2.91,2.956667,2.717459,18489000,,,
9/27/2002,2.95,3.026667,2.85,2.853333,2.622486,16267200,,,
9/30/2002,2.843333,2.976667,2.783333,2.853333,2.622486,14603100,,,
10/1/2002,2.876667,3.033333,2.773333,3.006667,2.763414,22209000,,,
10/2/2002,3.03,3.183333,3.003333,3.003333,2.76035,18727500,,,
10/3/2002,2.966667,3.016667,2.85,2.856667,2.62555,14764200,,,
10/4/2002,2.85,2.94,2.666667,2.713333,2.493812,13244700,,,
10/7/2002,2.676667,2.73,2.56,2.58,2.371266,12326700,,,
10/8/2002,2.666667,2.673333,2.4,2.503333,2.300802,17856300,,,
10/9/2002,2.466667,2.626667,2.413333,2.456667,2.257911,14328300,,,
10/10/2002,2.433333,2.663333,2.433333,2.583333,2.37433,13450800,,,
10/11/2002,2.683333,2.983333,2.666667,2.936667,2.699077,24853500,,,
10/14/2002,2.85,2.936667,2.79,2.85,2.619422,15287100,,,
10/15/2002,3.166667,3.28,3.103333,3.146667,2.892088,21319200,,,
10/16/2002,2.933333,2.96,2.833333,2.883333,2.650058,14453100,,,
10/17/2002,3.133333,3.25,3.056667,3.103333,2.85226,14644800,,,
10/18/2002,3.086667,3.166667,2.97,3.133333,2.879832,12459300,,,
10/21/2002,3.09,3.53,3.02,3.416667,3.140244,23265600,,,
10/22/2002,3.26,3.733333,3.256667,3.53,3.244407,31804200,,,
10/23/2002,3.583333,3.723333,3.533333,3.673333,3.376144,23135700,,,
10/24/2002,3.746667,3.786667,3.433333,3.486667,3.20458,26379300,,,
10/25/2002,3.5,3.716667,3.453333,3.7,3.400654,18648900,,,
10/28/2002,3.87,3.9,3.696667,3.72,3.419035,26763600,,,
10/29/2002,3.726667,3.753333,3.37,3.556667,3.268917,19318200,,,
10/30/2002,3.67,3.866667,3.656667,3.746667,3.443545,28487400,,,
10/31/2002,3.773333,3.993333,3.763333,3.966667,3.645746,31386900,,,
11/1/2002,3.906667,4.756667,3.9,4.7,4.319749,53220900,,,
11/4/2002,4.983333,5.503333,4.97,5.213333,4.79155,67203300,,,
11/5/2002,5.2,5.286667,4.783333,5.006667,4.601605,50863500,,,
11/6/2002,5.176667,5.4,4.973333,5.393333,4.956988,41150400,,,
11/7/2002,5.253333,5.253333,4.82,4.85,4.457613,41514000,,,
11/8/2002,4.1,4.343333,3.67,3.786667,3.480309,94972500,,,
11/11/2002,3.606667,3.66,3.406667,3.493333,3.210706,34461300,,,
11/12/2002,3.576667,3.933333,3.546667,3.803333,3.495626,34529700,,,
11/13/2002,3.713333,4.033333,3.64,3.923333,3.605917,45052800,,,
11/14/2002,4.183333,4.263333,4.056667,4.183333,3.844882,28468200,,,
11/15/2002,4.4,4.636667,4.35,4.49,4.126739,51358200,,,
11/18/2002,4.85,4.866667,4.643333,4.656667,4.279921,49561800,,,
11/19/2002,4.63,4.96,4.58,4.723333,4.341194,49298700,,,
11/20/2002,4.866667,5,4.803333,4.96,4.558716,32319900,,,
11/21/2002,5.16,5.626667,5.15,5.38,4.944734,51348000,,,
11/22/2002,5.053333,5.346667,5,5.24,4.816061,31297500,,,
11/25/2002,5.483333,5.563333,5.27,5.43,4.990688,30752100,,,
11/26/2002,5.456667,5.563333,5.266667,5.283333,4.855887,27108300,,,
11/27/2002,5.506667,5.786667,5.436667,5.693333,5.232717,27213900,,,
11/29/2002,5.843333,5.926667,5.666667,5.71,5.248035,12984900,,,
12/2/2002,6.013333,6.09,5.64,5.666667,5.208209,29187600,,,
12/3/2002,5.56,5.573333,5.283333,5.293333,4.86508,26155500,,,
12/4/2002,4.92,5,4.643333,4.66,4.282984,55163700,,,
12/5/2002,4.96,4.993333,4.59,4.703333,4.322813,39871800,,,
12/6/2002,4.5,4.8,4.426667,4.71,4.32894,28980600,,,
12/9/2002,4.556667,4.63,4.296667,4.333333,3.982748,24244800,,,
12/10/2002,4.443333,4.783333,4.386667,4.696667,4.316685,34747200,,,
12/11/2002,4.663333,4.8,4.506667,4.67,4.292177,34105200,,,
12/12/2002,4.843333,4.9,4.583333,4.593333,4.221711,32563800,,,
12/13/2002,4.51,4.51,4.38,4.413333,4.056274,17693100,,,
12/16/2002,4.566667,4.7,4.45,4.673333,4.295238,26424300,,,
12/17/2002,4.756667,4.916667,4.63,4.666667,4.289114,26943600,,,
12/18/2002,4.52,4.526667,4.3,4.31,3.961302,28170900,,,
12/19/2002,4.233333,4.456667,4.173333,4.216667,3.875521,27515100,,,
12/20/2002,4.35,4.396667,4.063333,4.273333,3.927602,20114400,,,
12/23/2002,4.263333,4.406667,4.25,4.303333,3.955173,12466200,,,
12/24/2002,4.326667,4.413333,4.193333,4.216667,3.875521,7508400,,,
12/26/2002,4.286667,4.35,4.103333,4.14,3.805055,17994000,,,
12/27/2002,4.253333,4.263333,3.946667,3.983333,3.661063,17563200,,,
12/30/2002,4,4.043333,3.753333,3.843333,3.53239,19618500,,,
12/31/2002,3.803333,3.933333,3.73,3.836667,3.526263,20634900,,,
1/2/2003,4,4.15,3.863333,4.103333,3.771355,32563500,,,
1/3/2003,4.116667,4.25,4.033333,4.103333,3.771355,25937400,,,
1/6/2003,4.203333,4.503333,4.2,4.436667,4.077721,25835700,,,
1/7/2003,4.523333,4.626667,4.373333,4.423333,4.065466,37456800,,,
1/8/2003,4.31,4.436667,3.953333,3.983333,3.661063,46313100,,,
1/9/2003,4.106667,4.15,4.013333,4.053333,3.725401,35901900,,,
1/10/2003,4,4.183333,3.946667,4.123333,3.789737,23112300,,,
1/13/2003,4.28,4.316667,4.07,4.09,3.7591,21228000,,,
1/14/2003,4.103333,4.16,3.996667,4.12,3.786674,21713100,,,
1/15/2003,4.123333,4.156667,3.993333,3.993333,3.670255,22614600,,,
1/16/2003,3.933333,3.983333,3.67,3.723333,3.422099,50999400,,,
1/17/2003,3.623333,3.673333,3.536667,3.583333,3.293425,26470800,,,
1/21/2003,3.65,3.726667,3.483333,3.493333,3.210706,24183900,,,
1/22/2003,3.483333,3.586667,3.473333,3.496667,3.213771,13774800,,,
1/23/2003,3.59,3.65,3.496667,3.593333,3.302617,22961400,,,
1/24/2003,3.563333,3.58,3.33,3.39,3.115733,22427700,,,
1/27/2003,3.316667,3.49,3.256667,3.34,3.069778,22227900,,,
1/28/2003,3.296667,3.523333,3.186667,3.46,3.180071,44637000,,,
1/29/2003,3.366667,3.556667,3.366667,3.53,3.244407,25551000,,,
1/30/2003,3.6,3.63,3.35,3.386667,3.11267,18576600,,,
1/31/2003,3.286667,3.533333,3.256667,3.44,3.161689,23741400,,,
2/3/2003,3.503333,3.573333,3.433333,3.506667,3.222962,18888900,,,
2/4/2003,3.483333,3.5,3.3,3.35,3.078969,15693000,,,
2/5/2003,3.423333,3.516667,3.366667,3.38,3.106544,14537700,,,
2/6/2003,3.613333,3.62,3.35,3.406667,3.131052,30654600,,,
2/7/2003,3.473333,3.49,3.246667,3.253333,2.990124,22878900,,,
2/10/2003,3.25,3.316667,3.11,3.293333,3.026887,24565800,,,
2/11/2003,3.32,3.416667,3.216667,3.233333,2.971742,21267900,,,
2/12/2003,3.233333,3.37,3.206667,3.25,2.987061,16035000,,,
2/13/2003,3.306667,3.323333,3.216667,3.29,3.023824,22229100,,,
2/14/2003,3.74,4.016667,3.65,4.013333,3.688636,88721100,,,
2/18/2003,4.166667,4.323333,4.116667,4.243333,3.900028,43512900,,,
2/19/2003,4.216667,4.31,4.17,4.283333,3.936792,28530300,,,
2/20/2003,4.3,4.413333,4.266667,4.283333,3.936792,24453300,,,
2/21/2003,4.28,4.296667,4.133333,4.286667,3.939856,22831500,,,
2/24/2003,4.25,4.496667,4.226667,4.34,3.988873,28425300,,,
2/25/2003,4.2,4.333333,4.133333,4.313333,3.964365,30980100,,,
2/26/2003,4.256667,4.326667,4.093333,4.103333,3.771355,18672300,,,
2/27/2003,4.143333,4.21,4.076667,4.19,3.851009,16882800,,,
2/28/2003,4.06,4.216667,3.94,4.206667,3.866329,41333400,,,
3/3/2003,4.256667,4.333333,4.083333,4.136667,3.801992,17550900,,,
3/4/2003,4.15,4.19,4.063333,4.103333,3.771355,13459800,,,
3/5/2003,4.063333,4.193333,4.053333,4.17,3.832629,13053900,,,
3/6/2003,4.136667,4.176667,4.083333,4.1,3.768291,13701600,,,
3/7/2003,4.036667,4.176667,4,4.163333,3.826502,14528700,,,
3/10/2003,4.12,4.14,4.04,4.046667,3.719273,8619900,,,
3/11/2003,4.076667,4.143333,4.03,4.076667,3.746846,10428600,,,
3/12/2003,4.11,4.2,4.073333,4.19,3.851009,12348000,,,
3/13/2003,4.313333,4.633333,4.293333,4.606667,4.233967,34068300,,,
3/14/2003,4.623333,4.666667,4.44,4.473333,4.111421,27355500,,,
3/17/2003,4.4,4.823333,4.39,4.733333,4.350384,32695200,,,
3/18/2003,4.716667,4.77,4.6,4.696667,4.316685,23307000,,,
3/19/2003,4.706667,4.753333,4.553333,4.72,4.338131,17824800,,,
3/20/2003,4.72,4.863333,4.596667,4.763333,4.377957,19501500,,,
3/21/2003,4.926667,4.943333,4.506667,4.72,4.338131,42045000,,,
3/24/2003,4.526667,4.666667,4.5,4.543333,4.175757,20975400,,,
3/25/2003,4.556667,4.743333,4.54,4.673333,4.295238,16820700,,,
3/26/2003,4.776667,4.883333,4.74,4.803333,4.414721,27696000,,,
3/27/2003,4.74,4.84,4.653333,4.666667,4.289114,34818300,,,
3/28/2003,4.666667,4.683333,4.403333,4.476667,4.114485,32267100,,,
3/31/2003,4.34,4.393333,4.273333,4.293333,3.945982,17012700,,,
4/1/2003,4.383333,4.466667,4.286667,4.42,4.062403,13345200,,,
4/2/2003,4.57,4.66,4.51,4.583333,4.21252,19297500,,,
4/3/2003,4.666667,4.666667,4.546667,4.643333,4.267667,17569500,,,
4/4/2003,4.656667,4.663333,4.443333,4.463333,4.10223,12846000,,,
4/7/2003,4.763333,4.8,4.466667,4.51,4.145121,16781400,,,
4/8/2003,4.55,4.573333,4.436667,4.466667,4.105294,11875800,,,
4/9/2003,4.483333,4.603333,4.436667,4.443333,4.083846,17356500,,,
4/10/2003,4.503333,4.51,4.423333,4.466667,4.105294,9102600,,,
4/11/2003,4.516667,4.553333,4.373333,4.416667,4.05934,9354600,,,
4/14/2003,4.35,4.506667,4.336667,4.493333,4.129801,11144400,,,
4/15/2003,4.463333,4.526667,4.353333,4.47,4.108356,12255300,,,
4/16/2003,4.573333,4.583333,4.433333,4.47,4.108356,16799700,,,
4/17/2003,4.503333,4.56,4.41,4.55,4.181885,13018500,,,
4/21/2003,4.556667,4.68,4.513333,4.666667,4.289114,14928600,,,
4/22/2003,4.643333,4.73,4.566667,4.726667,4.344257,19684800,,,
4/23/2003,4.72,4.863333,4.683333,4.833333,4.442294,15155100,,,
4/24/2003,4.836667,4.836667,4.626667,4.69,4.310558,16522800,,,
4/25/2003,4.663333,4.743333,4.473333,4.516667,4.151248,22116300,,,
4/28/2003,4.57,4.736667,4.516667,4.653333,4.276857,16874700,,,
4/29/2003,4.76,4.863333,4.723333,4.796667,4.408595,16758600,,,
4/30/2003,4.77,4.9,4.75,4.776667,4.390213,11665500,,,
5/1/2003,4.743333,4.853333,4.716667,4.806667,4.417785,18334200,,,
5/2/2003,4.87,5.333333,4.843333,5.3,4.871207,42277200,,,
5/5/2003,5.35,5.68,5.253333,5.43,4.990688,39404100,,,
5/6/2003,5.403333,5.576667,5.35,5.436667,4.996816,28596600,,,
5/7/2003,5.356667,5.483333,5.256667,5.35,4.917161,22434300,,,
5/8/2003,5.283333,5.566667,5.216667,5.353333,4.920226,48936300,,,
5/9/2003,6.276667,7.176667,6.1,7.123333,6.547023,230771400,,,
5/12/2003,7.14,7.3,6.866667,6.923333,6.363204,75196500,,,
5/13/2003,6.686667,6.9,6.646667,6.793333,6.243722,45602700,,,
5/14/2003,6.816667,6.9,6.7,6.786667,6.237594,24139500,,,
5/15/2003,6.886667,7.033333,6.85,7.02,6.452051,27641400,,,
5/16/2003,6.933333,7.21,6.923333,7.086667,6.513325,25722900,,,
5/19/2003,6.993333,7.06,6.603333,6.686667,6.145685,30512100,,,
5/20/2003,6.696667,6.783333,6.666667,6.733333,6.188575,22103100,,,
5/21/2003,6.736667,6.973333,6.7,6.97,6.406096,22636800,,,
5/22/2003,6.98,7.056667,6.816667,6.993333,6.427541,22220400,,,
5/23/2003,7,7.133333,6.926667,6.956667,6.393842,21690300,,,
5/27/2003,6.883333,7.6,6.75,7.573333,6.960617,41935200,,,
5/28/2003,7.55,7.633333,7.366667,7.553333,6.942234,30888900,,,
5/29/2003,7.55,8.326667,7.533333,8.07,7.4171,57443400,,,
5/30/2003,8.833333,8.876667,8.616667,8.723333,8.017575,53557800,,,
6/2/2003,8.95,8.96,8.186667,8.24,7.573347,39153600,,,
6/3/2003,8.146667,8.66,8.046667,8.41,7.729593,39920100,,,
6/4/2003,8.383333,8.616667,8.253333,8.61,7.913411,29390100,,,
6/5/2003,8.496667,8.886667,8.383333,8.856667,8.140121,30110100,,,
6/6/2003,9.203333,9.25,8.52,8.586667,7.891965,34470900,,,
6/9/2003,8.533333,8.753333,8.353333,8.483333,7.796992,18014700,,,
6/10/2003,8.483333,8.613333,8.39,8.606667,7.910347,14082600,,,
6/11/2003,8.553333,8.69,8.4,8.613333,7.916476,23595900,,,
6/12/2003,8.673333,8.766667,8.456667,8.483333,7.796992,26167200,,,
6/13/2003,8.116667,8.35,7.766667,7.823333,7.190391,45670200,,,
6/16/2003,7.916667,8.09,7.393333,7.99,7.343574,47621700,,,
6/17/2003,8.173333,8.233333,7.933333,8.18,7.5182,24996300,,,
6/18/2003,8.1,8.656667,8.033333,8.493333,7.806184,28051800,,,
6/19/2003,8.53,8.573333,7.933333,7.976667,7.33132,29763300,,,
6/20/2003,8.063333,8.066667,7.766667,7.893333,7.254727,23446200,,,
6/23/2003,7.886667,7.926667,7.456667,7.613333,6.997382,18369600,,,
6/24/2003,7.566667,7.733333,7.353333,7.596667,6.982062,25220400,,,
6/25/2003,7.616667,7.926667,7.586667,7.646667,7.028018,26515500,,,
6/26/2003,7.67,7.76,7.43,7.656667,7.037209,24013500,,,
6/27/2003,7.746667,7.816667,7.483333,7.52,6.911598,17727600,,,
6/30/2003,7.62,7.77,7.533333,7.636667,7.018826,13603200,,,
7/1/2003,7.54,7.96,7.47,7.95,7.30681,24425400,,,
7/2/2003,8.023333,8.126667,7.816667,7.926667,7.285364,21170700,,,
7/3/2003,7.743333,8.04,7.726667,7.836667,7.202645,10522800,,,
7/7/2003,7.943333,8.393333,7.94,8.35,7.674448,20805000,,,
7/8/2003,8.12,8.366667,8.1,8.256667,7.588666,15071400,,,
7/9/2003,8.253333,8.583333,8.24,8.446667,7.763294,18883800,,,
7/10/2003,8.183333,8.29,7.956667,8.1,7.444674,16114200,,,
7/11/2003,8.196667,8.246667,8.073333,8.143333,7.484501,12375000,,,
7/14/2003,8.35,8.4,8.04,8.08,7.426292,17358600,,,
7/15/2003,8.2,8.236667,7.74,7.816667,7.184265,28586400,,,
7/16/2003,7.963333,8,7.533333,7.72,7.095417,22011900,,,
7/17/2003,7.486667,7.583333,7.233333,7.333333,6.740033,21344100,,,
7/18/2003,7.19,7.213333,6.823333,7.086667,6.513325,32020800,,,
7/21/2003,7.126667,7.15,6.813333,6.98,6.415286,24628500,,,
7/22/2003,7.176667,7.23,7.056667,7.096667,6.522514,14561100,,,
7/23/2003,7.09,7.233333,6.876667,7.19,6.608297,15133200,,,
7/24/2003,7.32,7.373333,6.85,6.91,6.350951,27920700,,,
7/25/2003,6.923333,7.06,6.666667,7.02,6.452051,25052100,,,
7/28/2003,7.076667,7.093333,6.773333,6.803333,6.252913,17593800,,,
7/29/2003,6.186667,6.72,6.12,6.356667,5.842385,69869700,,,
7/30/2003,6.333333,6.406667,6.246667,6.286667,5.778048,19718100,,,
7/31/2003,6.433333,6.526667,6.296667,6.363333,5.848511,22440000,,,
8/1/2003,6.366667,6.626667,6.303333,6.573333,6.041522,19188900,,,
8/4/2003,6.566667,6.94,6.526667,6.82,6.268231,35721300,,,
8/5/2003,6.996667,7.156667,6.743333,6.8,6.24985,26587200,,,
8/6/2003,6.71,6.8,6.36,6.523333,5.995565,25646700,,,
8/7/2003,6.506667,6.6,6.346667,6.433333,5.912847,26008500,,,
8/8/2003,5.516667,5.54,5.086667,5.166667,4.748659,94189500,,,
8/11/2003,5.25,5.516667,5.216667,5.446667,5.006008,41893800,,,
8/12/2003,5.516667,5.57,5.426667,5.556667,5.107108,19104000,,,
8/13/2003,5.58,5.683333,5.44,5.593333,5.140806,17338800,,,
8/14/2003,5.406667,5.486667,5.34,5.4,4.963116,38192400,,,
8/15/2003,5.366667,5.416667,5.333333,5.383333,4.947797,5442900,,,
8/18/2003,5.47,5.543333,5.373333,5.543333,5.094852,17942100,,,
8/19/2003,5.666667,6,5.663333,5.966667,5.483937,35099400,,,
8/20/2003,5.883333,5.993333,5.753333,5.883333,5.407345,21758700,,,
8/21/2003,6.026667,6.1,5.933333,6.043333,5.554401,16118700,,,
8/22/2003,6.406667,6.493333,6.083333,6.086667,5.594228,25059900,,,
8/25/2003,6.203333,6.203333,6,6.053333,5.563592,10850700,,,
8/26/2003,5.976667,6.066667,5.793333,5.956667,5.474746,19224600,,,
8/27/2003,5.996667,6.2,5.933333,6.136667,5.640183,14195400,,,
8/28/2003,6.196667,6.23,5.906667,5.976667,5.493127,20707800,,,
8/29/2003,5.966667,6.083333,5.943333,6.056667,5.566655,13322100,,,
9/2/2003,6.163333,6.216667,5.973333,6.003333,5.517637,17786400,,,
9/3/2003,6.093333,6.11,5.856667,5.886667,5.410409,21249300,,,
9/4/2003,5.91,6.083333,5.866667,5.943333,5.462491,18501600,,,
9/5/2003,5.953333,6.366667,5.883333,6.226667,5.722901,29968500,,,
9/8/2003,6.326667,6.586667,6.25,6.513333,5.986375,37717800,,,
9/9/2003,6.333333,7.156667,6.246667,6.913333,6.354013,62235900,,,
9/10/2003,6.716667,6.896667,6.386667,6.44,5.918975,34515600,,,
9/11/2003,6.526667,6.716667,6.1,6.356667,5.842385,65318400,,,
9/12/2003,6.303333,6.59,6.233333,6.45,5.928165,29060100,,,
9/15/2003,6.503333,6.536667,6.32,6.343333,5.830129,14900700,,,
9/16/2003,6.356667,6.56,6.356667,6.54,6.010886,15518400,,,
9/17/2003,6.58,6.743333,6.526667,6.616667,6.081348,22569600,,,
9/18/2003,6.58,6.67,6.506667,6.666667,6.127304,15087300,,,
9/19/2003,6.743333,6.786667,6.553333,6.613333,6.078283,16202400,,,
9/22/2003,6.483333,6.496667,6.3,6.353333,5.839321,18387600,,,
9/23/2003,6.363333,6.45,6.28,6.413333,5.894465,15723300,,,
9/24/2003,6.276667,6.333333,5.916667,5.926667,5.447173,40016700,,,
9/25/2003,5.973333,6.08,5.816667,5.843333,5.370582,18419400,,,
9/26/2003,5.826667,5.843333,5.543333,5.62,5.165316,22397700,,,
9/29/2003,5.336667,5.526667,5.233333,5.316667,4.886525,48624900,,,
9/30/2003,5.27,5.503333,5.25,5.323333,4.892651,25522200,,,
10/1/2003,5.333333,5.43,5.32,5.366667,4.932479,21930600,,,
10/2/2003,5.333333,5.526667,5.316667,5.45,5.00907,21440700,,,
10/3/2003,5.6,5.733333,5.503333,5.593333,5.140806,21570300,,,
10/6/2003,5.603333,5.66,5.503333,5.55,5.100981,9425700,,,
10/7/2003,5.55,5.6,5.473333,5.6,5.146936,12764700,,,
10/8/2003,5.6,5.65,5.37,5.403333,4.966179,18486000,,,
10/9/2003,5.483333,5.693333,5.436667,5.48,5.036645,21310200,,,
10/10/2003,5.566667,5.616667,5.5,5.576667,5.125489,10349400,,,
10/13/2003,5.64,5.75,5.596667,5.633333,5.177571,10872600,,,
10/14/2003,5.573333,5.753333,5.54,5.736667,5.272545,15588900,,,
10/15/2003,5.803333,5.91,5.626667,5.663333,5.205144,17587200,,,
10/16/2003,5.67,5.753333,5.583333,5.733333,5.26948,11152200,,,
10/17/2003,5.7,5.81,5.546667,5.553333,5.104043,11492400,,,
10/20/2003,5.556667,5.683333,5.523333,5.676667,5.217398,11684700,,,
10/21/2003,5.78,5.96,5.7,5.85,5.37671,18968100,,,
10/22/2003,5.76,5.893333,5.72,5.75,5.284799,15523800,,,
10/23/2003,5.666667,5.833333,5.656667,5.723333,5.260289,11288100,,,
10/24/2003,5.666667,5.753333,5.613333,5.703333,5.241907,11177100,,,
10/27/2003,5.733333,5.8,5.693333,5.733333,5.26948,6361500,,,
10/28/2003,5.81,6.126667,5.783333,6.093333,5.600355,23901600,,,
10/29/2003,5.913333,6.166667,5.91,6.093333,5.600355,12350100,,,
10/30/2003,6.25,6.253333,5.97,5.98,5.496191,14531400,,,
10/31/2003,6.033333,6.083333,5.8,5.893333,5.416536,14953800,,,
11/3/2003,5.863333,6.116667,5.836667,6.003333,5.517637,19343100,,,
11/4/2003,6.133333,6.15,5.983333,6.023333,5.536018,17522400,,,
11/5/2003,5.9,6.106667,5.803333,6.046667,5.557465,22050600,,,
11/6/2003,6.136667,6.166667,5.946667,6.056667,5.566655,29382000,,,
11/7/2003,7.22,7.353333,7.066667,7.25,6.663444,107320500,,,
11/10/2003,7.273333,7.373333,7.186667,7.23,6.64506,30251400,,,
11/11/2003,7.066667,7.19,6.923333,7.05,6.479623,19978500,,,
11/12/2003,7.026667,7.166667,6.993333,7.143333,6.565404,15441600,,,
11/13/2003,7.143333,7.246667,7.103333,7.146667,6.56847,14508300,,,
11/14/2003,7.166667,7.166667,6.703333,6.723333,6.179386,22210500,,,
11/17/2003,6.596667,6.733333,6.533333,6.653333,6.115049,14997000,,,
11/18/2003,6.816667,6.9,6.533333,6.556667,6.026203,24785700,,,
11/19/2003,6.603333,6.766667,6.58,6.74,6.194703,14188800,,,
11/20/2003,6.633333,6.78,6.533333,6.56,6.029267,18471300,,,
11/21/2003,6.64,6.65,6.46,6.586667,6.053776,13581000,,,
11/24/2003,6.65,7,6.603333,6.983333,6.418349,23516100,,,
11/25/2003,7.013333,7.163333,6.933333,7.103333,6.528642,20570100,,,
11/26/2003,7.22,7.243333,6.976667,7.11,6.534768,10750800,,,
11/28/2003,7.106667,7.126667,7.016667,7.076667,6.504133,5153400,,,
12/1/2003,7.156667,7.23,7.073333,7.176667,6.596043,13174500,,,
12/2/2003,7.133333,7.293333,7.103333,7.146667,6.56847,14368500,,,
12/3/2003,7.166667,7.4,7.056667,7.073333,6.501068,17750700,,,
12/4/2003,7.096667,7.223333,6.87,7.036667,6.467369,13048800,,,
12/5/2003,6.87,7.066667,6.753333,6.81,6.259041,13996200,,,
12/8/2003,6.81,6.93,6.75,6.86,6.304996,8524500,,,
12/9/2003,6.846667,6.913333,6.5,6.503333,5.977184,14953200,,,
12/10/2003,6.503333,6.683333,6.5,6.646667,6.108921,14216400,,,
12/11/2003,6.643333,7.066667,6.63,6.983333,6.418349,17371800,,,
12/12/2003,7.076667,7.123333,6.833333,6.946667,6.38465,17517300,,,
12/15/2003,7.15,7.16,6.786667,6.806667,6.255976,15568800,,,
12/16/2003,6.766667,6.943333,6.646667,6.9,6.341758,15043200,,,
12/17/2003,6.843333,6.866667,6.653333,6.766667,6.219213,12477900,,,
12/18/2003,6.78,6.99,6.773333,6.92,6.360142,10918200,,,
12/19/2003,7.093333,7.2,6.946667,7.023333,6.455113,22923900,,,
12/22/2003,6.92,7.05,6.85,7.033333,6.464305,9279600,,,
12/23/2003,7.006667,7.39,7.003333,7.32,6.727779,18069000,,,
12/24/2003,7.316667,7.34,7.246667,7.266667,6.678761,5271300,,,
12/26/2003,7.323333,7.623333,7.293333,7.58,6.966744,9099000,,,
12/29/2003,7.723333,7.926667,7.686667,7.9,7.260853,18915600,,,
12/30/2003,7.816667,8.066667,7.81,7.916667,7.276172,13772100,,,
12/31/2003,7.913333,7.95,7.606667,7.733333,7.107671,12431700,,,
1/2/2004,7.856667,7.963333,7.693333,7.693333,7.070907,10910400,,,
1/5/2004,7.81,7.996667,7.74,7.943333,7.300683,14382300,,,
1/6/2004,7.92,8.376667,7.883333,8.266667,7.597856,27333600,,,
1/7/2004,8.173333,8.38,8.116667,8.34,7.665258,16825800,,,
1/8/2004,8.443333,8.483333,8.29,8.37,7.69283,10843800,,,
1/9/2004,8.313333,8.593333,8.246667,8.49,7.80312,19164600,,,
1/12/2004,8.52,8.613333,8.44,8.586667,7.891965,13549500,,,
1/13/2004,8.543333,8.626667,8.053333,8.143333,7.484501,21645000,,,
1/14/2004,8.183333,8.3,8.006667,8.083333,7.429356,13621800,,,
1/15/2004,8.023333,8.163333,7.88,8.096667,7.44161,15230100,,,
1/16/2004,8.18,8.29,8.103333,8.22,7.554966,11293200,,,
1/20/2004,8.32,8.463333,8.226667,8.45,7.766356,12194100,,,
1/21/2004,8.38,8.413333,8.046667,8.06,7.407909,12361500,,,
1/22/2004,8.103333,8.233333,7.776667,7.873333,7.236345,15143100,,,
1/23/2004,7.833333,7.99,7.68,7.696667,7.073972,12061800,,,
1/26/2004,7.746667,8.033333,7.686667,8,7.352763,9842100,,,
1/27/2004,7.84,7.966667,7.483333,7.543333,6.933045,23352600,,,
1/28/2004,7.64,7.76,7.483333,7.523333,6.914662,15380100,,,
1/29/2004,7.546667,7.583333,7.05,7.303333,6.712461,23242500,,,
1/30/2004,7.286667,7.583333,7.243333,7.416667,6.816627,11661600,,,
2/2/2004,7.476667,7.683333,7.4,7.536667,6.926917,14021100,,,
2/3/2004,7.516667,7.646667,7.41,7.51,6.902408,10450800,,,
2/4/2004,7.403333,7.463333,7.296667,7.306667,6.715524,10920000,,,
2/5/2004,7.346667,7.5,7.3,7.416667,6.816627,8299500,,,
2/6/2004,7.513333,7.693333,7.473333,7.586667,6.972871,11778300,,,
2/9/2004,7.643333,7.766667,7.53,7.533333,6.923852,9349800,,,
2/10/2004,7.556667,7.816667,7.553333,7.81,7.178136,12742500,,,
2/11/2004,7.91,8.11,7.883333,8.083333,7.429356,18445200,,,
2/12/2004,8.04,8.083333,7.716667,7.84,7.205709,24372300,,,
2/13/2004,7.633333,7.963333,7.566667,7.766667,7.138309,43687500,,,
2/17/2004,7.796667,7.876667,7.69,7.853333,7.217963,14399400,,,
2/18/2004,7.876667,7.916667,7.8,7.853333,7.217963,8006100,,,
2/19/2004,7.95,8.09,7.833333,7.85,7.2149,15775800,,,
2/20/2004,7.836667,8.066667,7.793333,8.046667,7.395657,15453000,,,
2/23/2004,8.033333,8.046667,7.66,7.766667,7.138309,21333300,,,
2/24/2004,7.633333,7.73,7.373333,7.456667,6.853388,17709600,,,
2/25/2004,7.503333,7.643333,7.42,7.5,6.893219,16312800,,,
2/26/2004,7.61,7.623333,7.456667,7.55,6.939172,8624400,,,
2/27/2004,7.566667,7.573333,7.303333,7.416667,6.816627,14888700,,,
3/1/2004,7.396667,7.54,7.386667,7.526667,6.917726,12665700,,,
3/2/2004,7.536667,7.59,7.356667,7.386667,6.789053,20333700,,,
3/3/2004,7.366667,7.366667,7.17,7.29,6.700207,13812300,,,
3/4/2004,7.363333,7.463333,7.303333,7.45,6.847262,10333800,,,
3/5/2004,7.283333,7.566667,7.256667,7.396667,6.798244,8872200,,,
3/8/2004,7.4,7.5,7.083333,7.14,6.562342,11629200,,,
3/9/2004,7.2,7.206667,6.97,7.09,6.516387,9280800,,,
3/10/2004,7.136667,7.213333,6.936667,6.986667,6.421414,12042300,,,
3/11/2004,6.893333,7.14,6.893333,6.933333,6.372396,13171800,,,
3/12/2004,7.026667,7.166667,6.95,7.08,6.507197,9448800,,,
3/15/2004,7.036667,7.066667,6.876667,6.92,6.360142,10530600,,,
3/16/2004,7.006667,7.25,6.96,7.216667,6.632807,14937600,,,
3/17/2004,7.333333,7.463333,7.303333,7.393333,6.795179,13114800,,,
3/18/2004,7.353333,7.566667,7.333333,7.476667,6.871771,13201200,,,
3/19/2004,7.436667,7.513333,7.346667,7.39,6.792115,11324100,,,
3/22/2004,7.276667,7.39,7.166667,7.333333,6.740033,14417700,,,
3/23/2004,7.433333,7.513333,7.28,7.363333,6.767606,14400900,,,
3/24/2004,7.35,7.816667,7.333333,7.693333,7.070907,19683600,,,
3/25/2004,7.78,8.18,7.766667,8.14,7.481439,24928200,,,
3/26/2004,8.116667,8.243333,8.006667,8.116667,7.459991,13790100,,,
3/29/2004,8.233333,8.576667,8.216667,8.466667,7.781678,24644100,,,
3/30/2004,8.41,8.76,8.403333,8.72,8.014512,18123900,,,
3/31/2004,8.763333,8.893333,8.716667,8.8,8.088039,15118800,,,
4/1/2004,8.81,8.99,8.423333,8.643333,7.944047,32987700,,,
4/2/2004,8.833333,8.89,8.566667,8.766667,8.057406,16243500,,,
4/5/2004,8.72,9.116667,8.72,9.08,8.345387,14418600,,,
4/6/2004,8.9,8.963333,8.666667,8.713333,8.008382,15602400,,,
4/7/2004,8.78,8.783333,8.513333,8.666667,7.965496,11196600,,,
4/8/2004,8.86,9,8.793333,8.913333,8.192204,11177400,,,
4/12/2004,8.983333,9.023333,8.693333,8.746667,8.039021,11094600,,,
4/13/2004,8.826667,8.833333,8.5,8.543333,7.852142,11067600,,,
4/14/2004,8.5,8.746667,8.403333,8.586667,7.891965,12800400,,,
4/15/2004,8.47,8.506667,8.1,8.136667,7.478373,20702100,,,
4/16/2004,8.103333,8.106667,7.853333,7.87,7.233281,16371600,,,
4/19/2004,7.863333,7.916667,7.72,7.86,7.22409,13070100,,,
4/20/2004,7.88,7.966667,7.523333,7.526667,6.917726,12845100,,,
4/21/2004,7.556667,7.8,7.48,7.536667,6.926917,17220300,,,
4/22/2004,7.466667,7.706667,7.31,7.58,6.966744,17388000,,,
4/23/2004,7.673333,7.876667,7.65,7.746667,7.119928,11098200,,,
4/26/2004,7.763333,7.796667,7.423333,7.443333,6.841135,10747800,,,
4/27/2004,7.53,7.73,7.353333,7.38,6.782924,12364200,,,
4/28/2004,7.383333,7.496667,7.293333,7.35,6.755351,11719200,,,
4/29/2004,7.306667,7.356667,7.05,7.146667,6.56847,16126200,,,
4/30/2004,7.106667,7.15,6.813333,6.84,6.286613,12823200,,,
5/3/2004,6.913333,6.983333,6.633333,6.753333,6.206958,15266700,,,
5/4/2004,6.85,7.27,6.833333,7.183333,6.602169,19309500,,,
5/5/2004,7.19,7.306667,7.13,7.243333,6.657316,11607000,,,
5/6/2004,7.17,7.36,7.016667,7.303333,6.712461,17783700,,,
5/7/2004,7.516667,7.656667,7.32,7.36,6.764543,23919300,,,
5/10/2004,7.163333,7.24,6.916667,7.073333,6.501068,16726800,,,
5/11/2004,7.163333,7.316667,7.133333,7.246667,6.660379,9998400,,,
5/12/2004,7.206667,7.216667,6.896667,7.146667,6.56847,12058200,,,
5/13/2004,7.086667,7.3,7.066667,7.17,6.589914,8698800,,,
5/14/2004,7.2,7.326667,7.133333,7.17,6.589914,11475000,,,
5/17/2004,7.066667,7.16,6.95,7.056667,6.485751,7708500,,,
5/18/2004,7.12,7.253333,7.093333,7.17,6.589914,5110500,,,
5/19/2004,7.33,7.433333,7.116667,7.153333,6.574597,12456900,,,
5/20/2004,7.14,7.26,7.013333,7.05,6.479623,10537200,,,
5/21/2004,7.133333,7.143333,6.97,7.066667,6.494941,7052400,,,
5/24/2004,7.053333,7.123333,6.96,7.043333,6.473496,7540500,,,
5/25/2004,7.073333,7.383333,6.93,7.35,6.755351,17031600,,,
5/26/2004,7.35,7.6,7.306667,7.5,6.893219,13114200,,,
5/27/2004,7.623333,7.736667,7.513333,7.523333,6.914662,13913700,,,
5/28/2004,7.616667,7.86,7.556667,7.816667,7.184265,15949500,,,
6/1/2004,7.683333,7.89,7.673333,7.81,7.178136,7960500,,,
6/2/2004,8,8.036667,7.743333,7.75,7.122989,16095000,,,
6/3/2004,7.753333,7.77,7.353333,7.376667,6.779861,17520600,,,
6/4/2004,7.526667,7.543333,7.296667,7.303333,6.712461,16240200,,,
6/7/2004,7.423333,7.563333,7.33,7.48,6.874834,14298900,,,
6/8/2004,7.436667,7.45,7.236667,7.346667,6.752289,15375000,,,
6/9/2004,7.39,7.4,6.98,7.003333,6.436732,12458400,,,
6/10/2004,7.116667,7.13,6.87,6.933333,6.372396,14112900,,,
6/14/2004,6.896667,6.896667,6.663333,6.716667,6.173258,10618800,,,
6/15/2004,6.83,6.92,6.753333,6.816667,6.265168,9864600,,,
6/16/2004,6.796667,6.84,6.683333,6.71,6.167131,6314400,,,
6/17/2004,6.666667,6.83,6.543333,6.576667,6.044585,12059400,,,
6/18/2004,6.613333,6.77,6.5,6.586667,6.053776,13358400,,,
6/21/2004,6.596667,6.7,6.426667,6.47,5.946548,6664200,,,
6/22/2004,6.506667,6.683333,6.463333,6.653333,6.115049,10757700,,,
6/23/2004,6.633333,6.793333,6.616667,6.766667,6.219213,6616500,,,
6/24/2004,6.946667,6.97,6.656667,6.706667,6.164069,14766300,,,
6/25/2004,6.753333,6.83,6.673333,6.75,6.203894,8228100,,,
6/28/2004,6.846667,6.87,6.666667,6.693333,6.151813,7484400,,,
6/29/2004,6.733333,6.933333,6.706667,6.923333,6.363204,9096300,,,
6/30/2004,6.74,6.93,6.74,6.823333,6.271295,8231700,,,
7/1/2004,6.9,6.91,6.5,6.51,5.983311,12640500,,,
7/2/2004,6.58,6.583333,6.37,6.42,5.900593,7373700,,,
7/6/2004,6.343333,6.41,5.973333,6.043333,5.554401,14384700,,,
7/7/2004,6.12,6.246667,6.043333,6.073333,5.581971,8603400,,,
7/8/2004,6.016667,6.116667,5.876667,5.886667,5.410409,10751400,,,
7/9/2004,5.88,5.886667,5.523333,5.633333,5.177571,27862500,,,
7/12/2004,5.476667,5.633333,5.43,5.503333,5.058089,16901100,,,
7/13/2004,5.57,5.666667,5.433333,5.493333,5.048899,14177700,,,
7/14/2004,5.3,5.446667,5.143333,5.25,4.825252,22540200,,,
7/15/2004,5.303333,5.36,5.18,5.213333,4.79155,15283800,,,
7/16/2004,5.373333,5.38,5.06,5.06,4.650625,11617500,,,
7/19/2004,5.073333,5.173333,5.003333,5.116667,4.702704,11527200,,,
7/20/2004,5.113333,5.24,5.063333,5.22,4.797678,8538600,,,
7/21/2004,5.3,5.306667,4.886667,4.903333,4.506632,15335400,,,
7/22/2004,4.96,5.033333,4.8,5.006667,4.601605,13036500,,,
7/23/2004,5.04,5.046667,4.84,4.873333,4.479061,9287400,,,
7/26/2004,4.936667,4.98,4.69,4.736667,4.35345,12580200,,,
7/27/2004,4.76,4.906667,4.613333,4.893333,4.49744,19747200,,,
7/28/2004,4.883333,4.9,4.633333,4.77,4.384086,12627900,,,
7/29/2004,4.836667,5.206667,4.813333,5.083333,4.67207,18684000,,,
7/30/2004,5.02,5.233333,5.01,5.14,4.724151,10098900,,,
8/2/2004,5.143333,5.226667,5.056667,5.206667,4.785425,10524600,,,
8/3/2004,5.23,5.233333,4.896667,4.936667,4.537268,18538500,,,
8/4/2004,4.883333,5.036667,4.876667,4.99,4.586287,12695400,,,
8/5/2004,5.043333,5.066667,4.766667,4.853333,4.460676,21498000,,,
8/6/2004,3.37,3.4,3.1,3.143333,2.889023,127223700,,,
8/9/2004,3.223333,3.356667,3.17,3.283333,3.017697,39480300,,,
8/10/2004,3.466667,3.576667,3.41,3.543333,3.256662,51297900,,,
8/11/2004,3.496667,3.496667,3.416667,3.44,3.161689,24095400,,,
8/12/2004,3.45,3.46,3.353333,3.36,3.088161,16359600,,,
8/13/2004,3.44,3.523333,3.41,3.5,3.216834,20392500,,,
8/16/2004,3.46,3.553333,3.44,3.466667,3.186198,13293300,,,
8/17/2004,3.543333,3.676667,3.51,3.656667,3.360827,18622800,,,
8/18/2004,3.673333,3.9,3.643333,3.9,3.584472,21810600,,,
8/19/2004,3.876667,3.946667,3.826667,3.886667,3.572218,18110100,,,
8/20/2004,3.866667,4.173333,3.853333,4.116667,3.78361,29976000,,,
8/23/2004,4.183333,4.25,4.16,4.206667,3.866329,20000700,,,
8/24/2004,4.266667,4.286667,3.97,4.05,3.722337,23485500,,,
8/25/2004,4.14,4.253333,4.063333,4.223333,3.881647,18032700,,,
8/26/2004,4.216667,4.26,4.183333,4.233333,3.890839,15318000,,,
8/27/2004,4.236667,4.373333,4.233333,4.313333,3.964365,14128200,,,
8/30/2004,4.296667,4.32,4.166667,4.17,3.832629,15701400,,,
8/31/2004,4.186667,4.206667,4.023333,4.153333,3.81731,14676600,,,
9/1/2004,4.1,4.293333,4.046667,4.233333,3.890839,14793600,,,
9/2/2004,4.253333,4.44,4.213333,4.406667,4.050148,19252200,,,
9/3/2004,4.273333,4.36,4.236667,4.273333,3.927602,17876400,,,
9/7/2004,4.3,4.39,4.136667,4.193333,3.854074,18183300,,,
9/8/2004,4.196667,4.233333,4.096667,4.106667,3.77442,20874600,,,
9/9/2004,4.206667,4.59,4.186667,4.516667,4.151248,32483100,,,
9/10/2004,4.44,4.713333,4.426667,4.69,4.310558,25983600,,,
9/13/2004,4.683333,4.873333,4.676667,4.78,4.393277,24193800,,,
9/14/2004,4.736667,4.833333,4.7,4.8,4.411658,17088900,,,
9/15/2004,4.653333,4.666667,4.473333,4.533333,4.166566,29097600,,,
9/16/2004,4.61,4.75,4.593333,4.703333,4.322813,20250600,,,
9/17/2004,4.74,4.923333,4.7,4.896667,4.500504,25095000,,,
9/20/2004,4.8,5.03,4.74,4.89,4.494376,19865700,,,
9/21/2004,5,5.06,4.94,5.02,4.613858,12597600,,,
9/22/2004,4.886667,5.006667,4.763333,4.786667,4.399404,15648000,,,
9/23/2004,4.843333,4.856667,4.703333,4.83,4.439231,14466600,,,
9/24/2004,4.85,4.856667,4.613333,4.683333,4.30443,11907900,,,
9/27/2004,4.646667,4.7,4.516667,4.6,4.227839,10150500,,,
9/28/2004,4.59,4.706667,4.526667,4.666667,4.289114,11871000,,,
9/29/2004,4.663333,4.913333,4.603333,4.78,4.393277,13430700,,,
9/30/2004,4.833333,4.95,4.743333,4.84,4.448423,15492000,,,
10/1/2004,4.863333,5.066667,4.84,5.04,4.632241,14760300,,,
10/4/2004,5.083333,5.25,5.073333,5.183333,4.763978,16848300,,,
10/5/2004,5.056667,5.19,5.02,5.066667,4.656751,15829500,,,
10/6/2004,5.056667,5.11,4.94,5.086667,4.675133,12462600,,,
10/7/2004,5.18,5.296667,5.09,5.116667,4.702704,19951800,,,
10/8/2004,5.063333,5.083333,4.793333,4.836667,4.445359,17335500,,,
10/11/2004,4.843333,4.94,4.756667,4.843333,4.451486,9346200,,,
10/12/2004,4.68,4.81,4.603333,4.773333,4.38715,20680800,,,
10/13/2004,4.916667,4.98,4.703333,4.743333,4.359577,16820400,,,
10/14/2004,4.786667,4.786667,4.566667,4.6,4.227839,12831600,,,
10/15/2004,4.61,4.616667,4.36,4.473333,4.111421,32012100,,,
10/18/2004,4.446667,4.6,4.41,4.553333,4.184947,14349300,,,
10/19/2004,4.656667,4.703333,4.49,4.523333,4.157375,15462000,,,
10/20/2004,4.51,4.596667,4.483333,4.576667,4.206394,13505100,,,
10/21/2004,4.623333,4.74,4.586667,4.68,4.301366,25349100,,,
10/22/2004,4.723333,4.733333,4.413333,4.426667,4.06853,17161500,,,
10/25/2004,4.39,4.543333,4.38,4.446667,4.086911,13229100,,,
10/26/2004,4.883333,5.063333,4.723333,4.83,4.439231,61394400,,,
10/27/2004,4.743333,5.053333,4.743333,4.963333,4.561776,26850900,,,
10/28/2004,4.896667,5,4.863333,4.91,4.512758,14038800,,,
10/29/2004,4.863333,4.93,4.78,4.823333,4.433104,18571500,,,
11/1/2004,4.89,4.93,4.826667,4.926667,4.528078,16347300,,,
11/2/2004,4.913333,5.1,4.873333,4.996667,4.592413,27393900,,,
11/3/2004,5.2,5.216667,5.016667,5.043333,4.635305,22758900,,,
11/4/2004,5.08,5.2,4.973333,5.136667,4.721088,24888600,,,
11/5/2004,5.933333,6.256667,5.813333,5.88,5.40428,96225300,,,
11/8/2004,5.816667,6.023333,5.79,5.943333,5.462491,17965500,,,
11/9/2004,5.853333,5.993333,5.85,5.906667,5.428792,15398400,,,
11/10/2004,5.9,5.963333,5.873333,5.906667,5.428792,16147800,,,
11/11/2004,5.943333,6.023333,5.903333,6.023333,5.536018,12675000,,,
11/12/2004,6.116667,6.133333,5.973333,6.033333,5.545209,16176900,,,
11/15/2004,5.973333,6.166667,5.936667,6.123333,5.627928,13411800,,,
11/16/2004,6.143333,6.21,5.99,6.103333,5.609547,11818200,,,
11/17/2004,6.2,6.37,6.14,6.206667,5.704521,15069300,,,
11/18/2004,6.26,6.34,6.13,6.286667,5.778048,13313100,,,
11/19/2004,6.766667,6.843333,6.27,6.32,5.808683,53151300,,,
11/22/2004,6.343333,6.5,6.283333,6.5,5.974122,18344700,,,
11/23/2004,6.446667,6.596667,6.393333,6.526667,5.99863,16922400,,,
11/24/2004,6.52,6.66,6.503333,6.553333,6.023138,10714500,,,
11/26/2004,6.583333,6.68,6.526667,6.62,6.084413,8769000,,,
11/29/2004,6.67,6.716667,6.433333,6.49,5.964929,17609700,,,
11/30/2004,6.516667,6.523333,6.34,6.376667,5.860766,14413500,,,
12/1/2004,6.433333,6.536667,6.386667,6.536667,6.007821,12864300,,,
12/2/2004,6.473333,6.673333,6.423333,6.623333,6.087474,18966300,,,
12/3/2004,6.783333,7,6.76,6.91,6.350951,33682800,,,
12/6/2004,6.943333,7.296667,6.82,7.24,6.65425,24262500,,,
12/7/2004,7.663333,8.32,7.513333,7.603333,6.98819,73176300,,,
12/8/2004,7.71,7.833333,7.633333,7.693333,7.070907,21818100,,,
12/9/2004,7.556667,7.703333,7.41,7.623333,7.006572,21749100,,,
12/10/2004,7.8,7.853333,7.723333,7.77,7.141373,16321200,,,
12/13/2004,7.653333,7.753333,7.52,7.556667,6.945298,18450600,,,
12/14/2004,7.563333,7.716667,7.55,7.71,7.086226,12824700,,,
12/15/2004,7.786667,7.803333,7.666667,7.78,7.150563,10819200,,,
12/16/2004,8.006667,8.286667,7.87,7.883333,7.245536,38100900,,,
12/17/2004,8.03,8.063333,7.596667,7.686667,7.064782,30356100,,,
12/20/2004,7.776667,7.896667,7.563333,7.603333,6.98819,22468200,,,
12/21/2004,7.603333,7.713333,7.416667,7.66,7.04027,22485000,,,
12/22/2004,7.813333,7.85,7.653333,7.67,7.049462,10545600,,,
12/23/2004,7.626667,7.776667,7.59,7.69,7.067845,9174300,,,
12/27/2004,7.796667,7.83,7.583333,7.623333,7.006572,7705200,,,
12/28/2004,7.64,7.7,7.553333,7.583333,6.969807,7290300,,,
12/29/2004,7.56,7.743333,7.54,7.65,7.031081,7368300,,,
12/30/2004,7.653333,7.716667,7.586667,7.62,7.003509,6495300,,,
12/31/2004,7.73,7.893333,7.7,7.853333,7.217963,14399100,,,
1/3/2005,8.126667,8.24,7.826667,7.86,7.22409,26667900,,,
1/4/2005,7.916667,7.93,7.37,7.49,6.884024,19755600,,,
1/5/2005,7.41,7.65,7.37,7.56,6.948361,18120300,,,
1/6/2005,7.693333,7.783333,7.433333,7.486667,6.880962,14089200,,,
1/7/2005,7.503333,7.56,7.233333,7.343333,6.749224,19077300,,,
1/10/2005,7.366667,7.433333,7.316667,7.36,6.764543,14488800,,,
1/11/2005,7.29,7.33,7.023333,7.133333,6.556213,27334500,,,
1/12/2005,7.196667,7.223333,6.9,7.073333,6.501068,26445000,,,
1/13/2005,7.09,7.333333,6.933333,7.146667,6.56847,22469100,,,
1/14/2005,7.28,7.296667,7.1,7.17,6.589914,14347800,,,
1/18/2005,7.09,7.3,7.073333,7.283333,6.694079,11613900,,,
1/19/2005,7.316667,7.333333,7.086667,7.116667,6.540896,8412300,,,
1/20/2005,6.973333,7.306667,6.973333,7.133333,6.556213,16002000,,,
1/21/2005,7.143333,7.286667,7.12,7.146667,6.56847,14908800,,,
1/24/2005,7.106667,7.21,6.82,6.86,6.304996,11592600,,,
1/25/2005,6.89,7.076667,6.85,6.98,6.415286,10992600,,,
1/26/2005,7.003333,7.166667,6.886667,7.07,6.498005,10728000,,,
1/27/2005,7.083333,7.67,7.04,7.636667,7.018826,25072800,,,
1/28/2005,7.666667,7.696667,7.46,7.626667,7.009636,16776300,,,
1/31/2005,7.69,7.783333,7.533333,7.64,7.02189,14074200,,,
2/1/2005,7.633333,7.816667,7.586667,7.783333,7.153628,12679500,,,
2/2/2005,8.09,8.28,7.86,8.216667,7.5519,50885100,,,
2/3/2005,8.13,8.186667,8.016667,8.13,7.472244,17253000,,,
2/4/2005,8.133333,8.62,8.13,8.596667,7.901158,20161200,,,
2/7/2005,8.606667,8.766667,8.416667,8.493333,7.806184,13040700,,,
2/8/2005,8.44,8.713333,8.413333,8.576667,7.882777,11394300,,,
2/9/2005,8.6,8.626667,8.233333,8.276667,7.607047,19593900,,,
2/10/2005,8.32,8.513333,8.29,8.47,7.78474,15059400,,,
2/11/2005,8.416667,8.78,8.386667,8.716667,8.011447,13912800,,,
2/14/2005,8.713333,8.746667,8.5,8.533333,7.842949,10822500,,,
2/15/2005,8.59,8.883333,8.576667,8.61,7.913411,18712500,,,
2/16/2005,8.583333,8.706667,8.426667,8.58,7.88584,11661600,,,
2/17/2005,8.696667,8.7,8.436667,8.503333,7.815377,25435200,,,
2/18/2005,9.156667,9.433333,8.903333,9.423333,8.660943,78303000,,,
2/22/2005,9.36,9.763333,9.276667,9.543333,8.771233,35520000,,,
2/23/2005,9.39,9.506667,9.08,9.233333,8.486315,27696000,,,
2/24/2005,9.106667,9.49,9.106667,9.476667,8.70996,17387400,,,
2/25/2005,9.49,9.663333,9.386667,9.613333,8.835569,13128300,,,
2/28/2005,9.566667,9.666667,9.483333,9.663333,8.881527,18951600,,,
3/1/2005,9.706667,9.866667,9.543333,9.64,8.860082,18428700,,,
3/2/2005,9.533333,9.586667,9.3,9.356667,8.599671,23686500,,,
3/3/2005,9.333333,9.393333,9.093333,9.23,8.483249,19032300,,,
3/4/2005,9.256667,9.336667,9.113333,9.19,8.446488,14828100,,,
3/7/2005,9.23,9.476667,9.166667,9.283333,8.532267,12779400,,,
3/8/2005,9.26,9.28,8.753333,8.813333,8.100293,33309600,,,
3/9/2005,8.756667,8.92,8.556667,8.583333,7.888904,22753500,,,
3/10/2005,8.61,8.686667,8.443333,8.58,7.88584,17232000,,,
3/11/2005,8.656667,8.67,8.31,8.386667,7.708148,18304500,,,
3/14/2005,8.56,8.66,8.5,8.623333,7.925668,14303700,,,
3/15/2005,8.666667,8.75,8.443333,8.45,7.766356,9452700,,,
3/16/2005,8.416667,8.55,8.303333,8.306667,7.634621,13383900,,,
3/17/2005,8.333333,8.363333,8.203333,8.223333,7.558027,11064600,,,
3/18/2005,8.23,8.256667,7.906667,8.056667,7.404845,15975300,,,
3/21/2005,8.053333,8.353333,8.003333,8.333333,7.659129,16361400,,,
3/22/2005,8.34,8.416667,8.153333,8.183333,7.521266,15574800,,,
3/23/2005,8.173333,8.416667,8.156667,8.36,7.683639,18219600,,,
3/24/2005,8.383333,8.61,8.37,8.376667,7.698956,21633900,,,
3/28/2005,8.38,8.5,8.203333,8.283333,7.613173,12779700,,,
3/29/2005,8.273333,8.366667,8.063333,8.1,7.444674,14685000,,,
3/30/2005,8.103333,8.216667,7.823333,8.1,7.444674,21467700,,,
3/31/2005,8.053333,8.11,7.883333,7.92,7.279235,12957900,,,
4/1/2005,8.016667,8.063333,7.796667,7.843333,7.208771,12768900,,,
4/4/2005,7.8,7.823333,7.623333,7.796667,7.165881,10535700,,,
4/5/2005,7.8,7.963333,7.613333,7.66,7.04027,10753200,,,
4/6/2005,7.803333,7.933333,7.75,7.776667,7.1475,14186700,,,
4/7/2005,7.816667,8,7.683333,7.92,7.279235,12658800,,,
4/8/2005,7.953333,8.13,7.8,7.816667,7.184265,15538500,,,
4/11/2005,7.873333,7.9,7.64,7.663333,7.043334,8209500,,,
4/12/2005,7.64,7.77,7.47,7.756667,7.129117,12805800,,,
4/13/2005,7.766667,7.786667,7.383333,7.433333,6.831943,12460200,,,
4/14/2005,7.45,7.52,7.346667,7.373333,6.776797,8802000,,,
4/15/2005,7.28,7.333333,7.05,7.116667,6.540896,15753900,,,
4/18/2005,7.073333,7.226667,7.033333,7.066667,6.494941,11827500,,,
4/19/2005,7.183333,7.366667,7.15,7.313333,6.721653,9136500,,,
4/20/2005,7.436667,7.483333,7.083333,7.09,6.516387,14116800,,,
4/21/2005,7.233333,7.51,7.17,7.483333,6.877898,13453800,,,
4/22/2005,7.436667,7.486667,7.326667,7.413333,6.813562,8406900,,,
4/25/2005,7.476667,7.586667,7.44,7.53,6.920789,7954200,,,
4/26/2005,7.533333,7.69,7.343333,7.496667,6.890153,8828700,,,
4/27/2005,7.3,7.326667,7.06,7.21,6.62668,15233700,,,
4/28/2005,7.186667,7.33,7.116667,7.233333,6.648124,9323700,,,
4/29/2005,7.303333,7.36,6.973333,7.31,6.718587,11958900,,,
5/2/2005,7.396667,7.48,7.173333,7.283333,6.694079,8372700,,,
5/3/2005,7.29,7.423333,7.213333,7.243333,6.657316,10987800,,,
5/4/2005,7.276667,7.526667,7.253333,7.473333,6.868706,11720400,,,
5/5/2005,7.516667,7.713333,7.476667,7.62,7.003509,15481800,,,
5/6/2005,7.71,7.726667,7.533333,7.723333,7.09848,8893200,,,
5/9/2005,7.756667,7.92,7.71,7.866667,7.230218,18633300,,,
5/10/2005,7.766667,7.77,7.473333,7.56,6.948361,18378000,,,
5/11/2005,7.6,7.633333,7.42,7.433333,6.831943,13885500,,,
5/12/2005,7.433333,7.696667,7.426667,7.596667,6.982062,20889600,,,
5/13/2005,8.283333,8.49,7.933333,8.443333,7.760227,66258000,,,
5/16/2005,8.343333,8.53,8.34,8.473333,7.7878,16602600,,,
5/17/2005,8.423333,8.606667,8.416667,8.566667,7.873585,15995100,,,
5/18/2005,8.546667,8.65,8.456667,8.63,7.931796,13751400,,,
5/19/2005,8.65,8.686667,8.516667,8.613333,7.916476,11322000,,,
5/20/2005,8.603333,8.77,8.503333,8.766667,8.057406,12925200,,,
5/23/2005,8.826667,9.06,8.8,8.97,8.244287,17591700,,,
5/24/2005,8.926667,9.13,8.883333,9.096667,8.360706,13054800,,,
5/25/2005,9.076667,9.123333,8.893333,8.98,8.253477,13381800,,,
5/26/2005,9.06,9.303333,9.043333,9.233333,8.486315,19719600,,,
5/27/2005,9.26,9.26,9.076667,9.173333,8.43117,8068500,,,
5/31/2005,9.133333,9.21,8.883333,9.033333,8.302496,19079400,,,
6/1/2005,8.973333,9.283333,8.866667,9.116667,8.379086,19915800,,,
6/2/2005,9.083333,9.456667,9.083333,9.456667,8.691582,17108700,,,
6/3/2005,9.423333,9.51,9.333333,9.433333,8.670136,13990500,,,
6/6/2005,9.263333,9.446667,9.256667,9.343333,8.587416,12822300,,,
6/7/2005,9.28,9.433333,9.083333,9.116667,8.379086,24353400,,,
6/8/2005,9.14,9.266667,8.956667,9.053333,8.320877,15468000,,,
6/9/2005,8.983333,9.436667,8.973333,9.433333,8.670136,15497700,,,
6/10/2005,9.423333,9.433333,9.263333,9.326667,8.572098,11627400,,,
6/13/2005,9.333333,9.796667,9.306667,9.533333,8.762044,35247900,,,
6/14/2005,9.536667,9.693333,8.67,8.97,8.244287,60210300,,,
6/15/2005,8.913333,8.983333,8.59,8.943333,8.219777,41744700,,,
6/16/2005,8.94,9.05,8.81,8.99,8.26267,12231000,,,
6/17/2005,9.1,9.116667,8.946667,8.97,8.244287,11408700,,,
6/20/2005,8.97,9.166667,8.823333,9.106667,8.369896,15151500,,,
6/21/2005,9.166667,9.236667,9.08,9.193333,8.449551,10704300,,,
6/22/2005,9.29,9.353333,9.07,9.183333,8.440362,17516700,,,
6/23/2005,9.166667,9.44,9.133333,9.326667,8.572098,20924400,,,
6/24/2005,9.31,9.313333,8.98,9.03,8.299432,11890800,,,
6/27/2005,8.973333,9.046667,8.876667,8.956667,8.232032,8864700,,,
6/28/2005,8.993333,9.073333,8.893333,9.013333,8.284113,6557700,,,
6/29/2005,9.016667,9.033333,8.856667,8.93,8.207522,7089300,,,
6/30/2005,8.99,9.073333,8.836667,8.906667,8.18608,14830800,,,
7/1/2005,8.876667,8.96,8.766667,8.946667,8.222842,7879200,,,
7/5/2005,8.98,9.123333,8.893333,9.086667,8.351515,9711000,,,
7/6/2005,9.116667,9.37,9.013333,9.33,8.57516,17590800,,,
7/7/2005,9.183333,9.333333,9.153333,9.263333,8.513889,11647500,,,
7/8/2005,9.32,9.41,9.2,9.38,8.621117,10203300,,,
7/11/2005,9.463333,9.616667,9.423333,9.52,8.749791,9987300,,,
7/12/2005,9.513333,9.54,9.273333,9.466667,8.700769,14106300,,,
7/13/2005,9.506667,9.533333,9.32,9.48,8.713028,14869500,,,
7/14/2005,9.58,9.766667,9.046667,9.06,8.327005,46787400,,,
7/15/2005,9.033333,9.06,8.806667,8.963333,8.238155,30583800,,,
7/18/2005,8.936667,8.94,8.65,8.74,8.032894,26122500,,,
7/19/2005,8.793333,8.88,8.726667,8.86,8.143185,12947400,,,
7/20/2005,8.756667,9.03,8.636667,8.993333,8.265732,13162500,,,
7/21/2005,8.876667,8.916667,8.656667,8.84,8.124806,14863200,,,
7/22/2005,8.883333,9.01,8.546667,8.61,7.913411,17481600,,,
7/25/2005,8.51,8.926667,8.473333,8.66,7.959366,24373800,,,
7/26/2005,8.623333,8.853333,8.59,8.84,8.124806,18987300,,,
7/27/2005,8.853333,9.06,8.703333,9.02,8.290242,20195700,,,
7/28/2005,9.003333,9.133333,8.88,9.09,8.354577,10281000,,,
7/29/2005,9.053333,9.15,8.946667,9.02,8.290242,8791500,,,
8/1/2005,9.073333,9.196667,9.013333,9.156667,8.415852,9726000,,,
8/2/2005,9.166667,9.31,9.153333,9.28,8.529204,10566300,,,
8/3/2005,9.28,9.366667,9.196667,9.28,8.529204,12956400,,,
8/4/2005,9.21,9.25,9.163333,9.183333,8.440362,8910600,,,
8/5/2005,9.17,9.436667,9.106667,9.416667,8.654819,17102400,,,
8/8/2005,9.48,9.656667,9.383333,9.45,8.685451,18138600,,,
8/9/2005,9.463333,9.486667,9.323333,9.426667,8.664008,7297500,,,
8/10/2005,9.466667,9.513333,9.19,9.286667,8.535336,11013900,,,
8/11/2005,9.286667,9.433333,9.196667,9.416667,8.654819,17538900,,,
8/12/2005,9.97,10.07,9.63,9.983333,9.175636,57385500,,,
8/15/2005,10.016667,10.34,9.89,10.236667,9.408475,22070100,,,
8/16/2005,10.14,10.23,9.99,10.063333,9.249164,15937200,,,
8/17/2005,10.02,10.186667,10.013333,10.063333,9.249164,15189300,,,
8/18/2005,9.986667,10.036667,9.76,9.803333,9.0102,20568300,,,
8/19/2005,9.82,9.85,9.703333,9.733333,8.945862,10555800,,,
8/22/2005,9.716667,9.873333,9.54,9.653333,8.872335,13680600,,,
8/23/2005,9.643333,9.766667,9.61,9.716667,8.930547,6361500,,,
8/24/2005,9.653333,9.93,9.606667,9.723333,8.936673,12865500,,,
8/25/2005,9.766667,9.843333,9.683333,9.79,8.997945,7412100,,,
8/26/2005,9.8,9.8,9.546667,9.64,8.860082,8085900,,,
8/29/2005,9.55,9.666667,9.473333,9.656667,8.875401,8584800,,,
8/30/2005,9.64,10.026667,9.626667,10.003333,9.19402,23721300,,,
8/31/2005,9.98,10.353333,9.95,10.226667,9.399284,22670100,,,
9/1/2005,10.196667,10.323333,10.143333,10.23,9.402348,13922100,,,
9/2/2005,10.25,10.25,10.03,10.063333,9.249164,11745000,,,
9/6/2005,10.1,10.2,9.946667,10.146667,9.325755,10577400,,,
9/7/2005,10.133333,10.496667,10.106667,10.47,9.62293,14700300,,,
9/8/2005,10.406667,10.723333,10.406667,10.593333,9.736284,16152900,,,
9/9/2005,10.706667,10.753333,10.533333,10.73,9.861895,11355900,,,
9/12/2005,10.74,10.773333,10.566667,10.693333,9.828194,13914600,,,
9/13/2005,10.643333,11.07,10.643333,11.016667,10.125365,21368100,,,
9/14/2005,10.933333,11.08,10.833333,10.883333,10.002823,12586200,,,
9/15/2005,11.05,11.2,10.983333,11.076667,10.180515,18993900,,,
9/16/2005,11.17,11.23,10.993333,11.083333,10.18664,12995700,,,
9/19/2005,11.07,11.106667,10.866667,10.926667,10.042649,10707900,,,
9/20/2005,11.01,11.263333,10.996667,11.14,10.238722,13054800,,,
9/21/2005,11.096667,11.316667,10.946667,11.043333,10.149877,15641400,,,
9/22/2005,11.07,11.07,10.55,10.746667,9.877212,18478800,,,
9/23/2005,10.723333,10.996667,10.633333,10.903333,10.021202,7866000,,,
9/26/2005,10.986667,11.07,10.79,10.993333,10.103926,10169400,,,
9/27/2005,11.04,11.136667,10.946667,11.03,10.137622,10104000,,,
9/28/2005,11.063333,11.126667,10.936667,11.096667,10.198896,8838900,,,
9/29/2005,11.1,11.333333,11.01,11.326667,10.41029,12834300,,,
9/30/2005,11.333333,11.53,11.31,11.426667,10.502198,11470800,,,
10/3/2005,11.56,11.823333,11.466667,11.74,10.790178,13747200,,,
10/4/2005,11.79,11.983333,11.56,11.586667,10.649253,12861900,,,
10/5/2005,11.6,11.6,11.133333,11.203333,10.296929,14979600,,,
10/6/2005,11.19,11.363333,10.826667,11.163333,10.26017,17137800,,,
10/7/2005,11.183333,11.296667,10.933333,11.02,10.128432,13798800,,,
10/10/2005,11.076667,11.096667,10.736667,10.74,9.871086,11480400,,,
10/11/2005,10.78,10.873333,10.483333,10.606667,9.748538,13501200,,,
10/12/2005,10.576667,10.896667,10.563333,10.733333,9.864958,16441500,,,
10/13/2005,10.71,10.726667,10.266667,10.676667,9.812877,12732600,,,
10/14/2005,10.753333,10.886667,10.5,10.676667,9.812877,7781400,,,
10/17/2005,10.683333,10.886667,10.683333,10.78,9.907849,6097800,,,
10/18/2005,10.82,10.84,10.533333,10.603333,9.745476,7495800,,,
10/19/2005,10.466667,10.53,10.17,10.513333,9.662758,15898800,,,
10/20/2005,10.53,10.806667,10.483333,10.586667,9.730161,8988000,,,
10/21/2005,10.766667,10.8,10.573333,10.646667,9.785303,7459200,,,
10/24/2005,10.74,10.936667,10.643333,10.936667,10.05184,7275300,,,
10/25/2005,10.863333,11.04,10.816667,11.006667,10.116179,8367000,,,
10/26/2005,11.01,11.033333,10.69,10.706667,9.840452,10383600,,,
10/27/2005,10.726667,10.76,10.45,10.483333,9.635187,5694600,,,
10/28/2005,10.51,10.826667,10.25,10.806667,9.93236,11616000,,,
10/31/2005,10.85,11.26,10.85,11.183333,10.278551,10810500,,,
11/1/2005,11.183333,11.266667,10.96,11.046667,10.152942,10012200,,,
11/2/2005,11.05,11.7,11,11.686667,10.741166,13091700,,,
11/3/2005,11.766667,11.833333,11.456667,11.55,10.615555,11626800,,,
11/4/2005,11.556667,11.583333,11.233333,11.353333,10.434795,14256900,,,
11/7/2005,11.413333,11.453333,11.256667,11.303333,10.388844,9270600,,,
11/8/2005,11.346667,11.356667,11.043333,11.093333,10.195831,13474200,,,
11/9/2005,11.116667,11.666667,10.99,11.593333,10.655381,20472000,,,
11/10/2005,11.996667,12.256667,10.946667,11.163333,10.26017,62590500,,,
11/11/2005,11.26,11.48,11.21,11.346667,10.428669,13648200,,,
11/14/2005,11.35,11.666667,11.176667,11.586667,10.649253,12341700,,,
11/15/2005,11.656667,11.766667,11.576667,11.613333,10.67376,12405000,,,
11/16/2005,11.626667,11.69,11.346667,11.573333,10.636998,11382000,,,
11/17/2005,11.67,12.096667,11.533333,12.086667,11.108803,17581500,,,
11/18/2005,12.126667,12.226667,11.826667,12.063333,11.087355,11644200,,,
11/21/2005,12.076667,12.296667,11.996667,12.276667,11.283429,11367600,,,
11/22/2005,12.34,12.723333,12.243333,12.603333,11.58367,18292500,,,
11/23/2005,12.616667,12.75,12.5,12.566667,11.549963,10298700,,,
11/25/2005,12.626667,12.71,12.54,12.69,11.66332,2916900,,,
11/28/2005,12.723333,12.833333,12.4,12.626667,11.605113,10613100,,,
11/29/2005,11.88,12.216667,11.773333,11.826667,10.869834,26078400,,,
11/30/2005,11.743333,12.11,11.74,12.05,11.075103,14386200,,,
12/1/2005,12.15,12.25,12.02,12.193333,11.206836,14050800,,,
12/2/2005,12.25,12.28,12.033333,12.196667,11.209901,8361900,,,
12/5/2005,12.223333,12.223333,11.93,11.97,11.001574,9692700,,,
12/6/2005,11.99,12.183333,11.973333,12.02,11.047529,9381300,,,
12/7/2005,12.066667,12.14,11.833333,12.04,11.065911,8816700,,,
12/8/2005,11.976667,12.133333,11.806667,11.943333,10.977064,9666600,,,
12/9/2005,11.98,12.13,11.813333,12.113333,11.133309,6572400,,,
12/12/2005,12.146667,12.316667,12.126667,12.29,11.295686,7028400,,,
12/13/2005,12.313333,12.556667,12.223333,12.45,11.44274,11085300,,,
12/14/2005,12.356667,12.416667,12.186667,12.333333,11.33551,7186800,,,
12/15/2005,12.323333,12.416667,12.05,12.176667,11.191519,8318100,,,
12/16/2005,12.22,12.336667,12.103333,12.283333,11.289557,26640000,,,
12/19/2005,12.31,12.4,12.05,12.08,11.102674,7307400,,,
12/20/2005,12.066667,12.25,11.913333,12.073333,11.096547,7608900,,,
12/21/2005,12.13,12.23,11.94,12.05,11.075103,7234500,,,
12/22/2005,12.04,12.43,12.036667,12.416667,11.4121,7958400,,,
12/23/2005,12.45,12.53,12.366667,12.513333,11.500949,5363400,,,
12/27/2005,12.5,12.726667,12.46,12.59,11.571413,9199200,,,
12/28/2005,12.59,12.746667,12.51,12.706667,11.678642,6610500,,,
12/29/2005,12.7,12.74,12.37,12.423333,11.418231,7761600,,,
12/30/2005,12.353333,12.356667,12.136667,12.186667,11.200712,5740200,,,
1/3/2006,12.256667,12.833333,12.216667,12.74,11.709278,11820300,,,
1/4/2006,12.836667,13.116667,12.703333,13.096667,12.037086,12751800,,,
1/5/2006,13.1,13.416667,13.076667,13.393333,12.309752,16152300,,,
1/6/2006,13.546667,13.663333,13.016667,13.613333,12.511951,15584700,,,
1/9/2006,13.606667,14.066667,13.576667,13.993333,12.861208,14012100,,,
1/10/2006,13.926667,13.996667,13.75,13.996667,12.864272,8491500,,,
1/11/2006,14.01,14.583333,13.986667,14.503333,13.329949,15657600,,,
1/12/2006,14.5,14.723333,14.193333,14.296667,13.140003,12387600,,,
1/13/2006,14.263333,14.38,13.97,14.17,13.023583,10532400,,,
1/17/2006,13.976667,14.166667,13.79,14.16,13.014395,8230800,,,
1/18/2006,13.73,14.28,13.6,14.233333,13.081792,11498700,,,
1/19/2006,14.423333,15.22,14.396667,15.023333,13.807879,22869000,,,
1/20/2006,15.046667,15.22,14.6,14.603333,13.421857,11540100,,,
1/23/2006,14.716667,14.81,14.516667,14.686667,13.498448,8372100,,,
1/24/2006,14.72,15.066667,14.68,14.76,13.565848,9722400,,,
1/25/2006,14.833333,14.93,14.453333,14.63,13.446367,10005900,,,
1/26/2006,14.843333,15.143333,14.75,15.13,13.905916,11220900,,,
1/27/2006,15.326667,15.586667,15.2,15.416667,14.169392,9626100,,,
1/30/2006,15.483333,15.5,15.173333,15.243333,14.010081,7894500,,,
1/31/2006,15.166667,15.25,14.87,14.986667,13.774179,9611400,,,
2/1/2006,14.716667,15.056667,14.66,14.996667,13.783369,11271300,,,
2/2/2006,15.133333,15.143333,14.516667,14.54,13.363647,11843400,,,
2/3/2006,14.446667,14.853333,14.4,14.673333,13.486196,12606300,,,
2/6/2006,14.633333,15.103333,14.57,15.086667,13.866091,9086700,,,
2/7/2006,15.116667,15.116667,14.543333,14.55,13.372841,9985200,,,
2/8/2006,14.593333,14.97,14.593333,14.97,13.758862,9826800,,,
2/9/2006,15.016667,15.25,14.623333,14.716667,13.526025,10927500,,,
2/10/2006,14.77,14.836667,14.29,14.633333,13.449431,10374900,,,
2/13/2006,14.586667,14.786667,14.486667,14.683333,13.495385,7018500,,,
2/14/2006,14.683333,14.763333,14.516667,14.71,13.519892,8558700,,,
2/15/2006,14.68,15.033333,14.643333,14.993333,13.780306,12332400,,,
2/16/2006,15.273333,15.766667,15.17,15.733333,14.460436,32647200,,,
2/17/2006,16.889999,16.906668,15.733333,15.823333,14.543152,58923900,,,
2/21/2006,15.79,15.816667,15.35,15.486667,14.233727,17101500,,,
2/22/2006,15.266667,15.583333,14.9,15.46,14.209217,23493900,,,
2/23/2006,15.413333,15.516667,15.18,15.223333,13.991699,9628200,,,
2/24/2006,15.29,15.473333,15.14,15.22,13.988632,10410300,,,
2/27/2006,15.336667,15.933333,15.176667,15.836667,14.555411,16661700,,,
2/28/2006,15.766667,15.9,15.556667,15.71,14.438993,14082900,,,
3/1/2006,15.766667,16.4,15.666667,16.306667,14.987385,17598300,,,
3/2/2006,16.290001,16.559999,16.120001,16.33,15.008829,13636500,,,
3/3/2006,16.18,16.67,16.15,16.386667,15.060912,14895000,,,
3/6/2006,16.706667,16.816668,16.273333,16.353333,15.030274,13225500,,,
3/7/2006,16.356667,16.483334,15.75,16.073334,14.772928,15155100,,,
3/8/2006,16.076668,16.16,15.42,15.993333,14.699401,16770000,,,
3/9/2006,16.186666,16.456667,16.066668,16.076668,14.775991,13417500,,,
3/10/2006,16.059999,16.263332,15.653333,15.796667,14.518647,13039500,,,
3/13/2006,15.956667,16.063334,15.836667,15.986667,14.693275,9303300,,,
3/14/2006,16,16.496668,15.94,16.43,15.100739,15694800,,,
3/15/2006,16.463333,16.716667,16.4,16.693333,15.342765,12765000,,,
3/16/2006,16.723333,16.743334,16.07,16.126667,14.821948,14210400,,,
3/17/2006,16.049999,16.299999,15.81,16.256666,14.941423,15464700,,,
3/20/2006,16.4,16.403334,16.116667,16.133333,14.828072,7344300,,,
3/21/2006,16.93,17.233334,16.486668,16.93,15.560289,30886800,,,
3/22/2006,16.5,16.58,16.073334,16.443333,15.112991,28964400,,,
3/23/2006,16.5,16.816668,16.313334,16.75,15.39485,16549800,,,
3/24/2006,16.793333,17.346666,16.766666,17.316668,15.915669,17198400,,,
3/27/2006,17.33,17.796667,17.273333,17.783333,16.344585,16286100,,,
3/28/2006,17.703333,18.293333,17.666668,18.056667,16.595802,19880100,,,
3/29/2006,18.133333,19.059999,17.983334,19.026667,17.487324,24677400,,,
3/30/2006,19.046667,19.26,18.703333,19.156668,17.606812,26582700,,,
3/31/2006,19.143333,19.41,18.969999,19.086666,17.542465,20889000,,,
4/3/2006,19.186666,19.566668,18.946667,19.299999,17.738543,24222900,,,
4/4/2006,19.326668,20.233334,19.306667,20.203333,18.568794,30015300,,,
4/5/2006,20.166668,20.466667,19.736668,20.366667,18.718916,27824400,,,
4/6/2006,20.313334,20.559999,20.033333,20.406668,18.755678,19732800,,,
4/7/2006,20.32,20.5,19.953333,20.353333,18.70665,17066850,,,
4/10/2006,20.306667,20.426666,19.846666,20,18.381918,15855750,,,
4/11/2006,20.066668,20.066668,19.393333,19.513332,17.934614,17551800,,,
4/12/2006,19.639999,20.406668,19.533333,20.299999,18.657639,14957700,,,
4/13/2006,19.866667,20.093332,19.653334,19.733334,18.136814,18459000,,,
4/17/2006,19.700001,20.280001,19.626667,19.786667,18.185837,11096700,,,
4/18/2006,19.433332,19.440001,18.793333,19.32,17.756926,29137200,,,
4/19/2006,19.200001,19.653334,18.933332,19.440001,17.867216,12936900,,,
4/20/2006,19.266666,19.76,18.946667,19.413334,17.842705,13817100,,,
4/21/2006,19.473333,19.553333,18.486668,18.713333,17.199343,19250400,,,
4/24/2006,18.833332,19.473333,18.5,19.286667,17.726282,16921200,,,
4/25/2006,19.066668,19.32,18.733334,19.273333,17.714031,17994150,,,
4/26/2006,19.346666,19.639999,18.933332,19.139999,17.591488,8263200,,,
4/27/2006,19.066668,19.626667,18.653334,19.446667,17.873346,11574150,,,
4/28/2006,19.459999,19.726667,19.293333,19.48,17.903978,7118400,,,
5/1/2006,19.613333,20.98,19.613333,20.6,18.933363,22561800,,,
5/2/2006,20.753332,21,20.219999,20.573334,18.908854,13492500,,,
5/3/2006,20.34,20.933332,20.32,20.706667,19.031403,9452850,,,
5/4/2006,20.299999,20.799999,20.193333,20.573334,18.908854,12778200,,,
5/5/2006,20.68,20.926666,20.393333,20.853333,19.166201,8454600,,,
5/8/2006,20.799999,21.253332,20.566668,20.76,19.080427,12590550,,,
5/9/2006,20.733334,20.84,20.1,20.126667,18.498329,14041200,,,
5/10/2006,19.886667,20.120001,19.48,19.68,18.087805,18831600,,,
5/11/2006,19.879999,20.066668,18.826668,18.98,17.444435,30027750,,,
5/12/2006,18.526667,18.620001,17.16,17.553333,16.133194,39204300,,,
5/15/2006,17.52,17.959999,17.366667,17.806667,16.366028,13834500,,,
5/16/2006,17.906668,17.913334,17.226667,17.34,15.937117,12438300,,,
5/17/2006,17.280001,17.379999,16.333332,16.639999,15.293752,21026850,,,
5/18/2006,16.773333,16.933332,15.866667,15.886667,14.601367,17168250,,,
5/19/2006,16.033333,16.6,15.873333,16.219999,14.907732,23320200,,,
5/22/2006,16.133333,16.166668,15.56,16,14.705526,18372150,,,
5/23/2006,16.333332,16.713333,15.76,15.826667,14.546218,13307850,,,
5/24/2006,15.966667,16.506666,15.606667,16.033333,14.73616,14488050,,,
5/25/2006,16.333332,16.573334,15.86,15.946667,14.656511,10591650,,,
5/26/2006,16.006666,16.113333,15.813333,15.98,14.687147,7366050,,,
5/30/2006,16.006666,16.013332,15.306667,15.313333,14.074415,11219700,,,
5/31/2006,15.52,15.666667,15.226667,15.32,14.080541,14960550,,,
6/1/2006,15.493333,16.120001,15.253333,16.120001,14.815818,13428150,,,
6/2/2006,16.379999,16.459999,15.726667,15.886667,14.601367,16842750,,,
6/5/2006,15.8,16.093332,15.173333,15.22,13.988632,14526300,,,
6/6/2006,15.413333,15.426667,14.4,14.813333,13.614866,20603250,,,
6/7/2006,14.973333,15,14.433333,14.546667,13.369776,14134500,,,
6/8/2006,14.38,14.566667,13.706667,14.28,13.124683,18264300,,,
6/9/2006,14.466667,14.713333,14.113333,14.233333,13.081792,10845600,,,
6/12/2006,13.986667,14.173333,13.366667,13.446667,12.358773,11580750,,,
6/13/2006,13.44,13.713333,13.113333,13.24,12.168826,13313700,,,
6/14/2006,13.32,13.666667,13.18,13.626667,12.524209,12012300,,,
6/15/2006,14.126667,14.866667,14.013333,14.82,13.620996,20933400,,,
6/16/2006,14.72,14.76,14.3,14.44,13.271735,12586200,,,
6/19/2006,14.6,14.673333,13.973333,14.006667,12.873466,9701100,,,
6/20/2006,13.62,14.1,13.566667,13.786667,12.671265,13395450,,,
6/21/2006,13.726667,14.16,13.726667,13.94,12.812191,11029350,,,
6/22/2006,14.093333,14.133333,13.44,13.533333,12.438426,13308450,,,
6/23/2006,13.506667,13.82,13.38,13.54,12.444552,8380050,,,
6/26/2006,13.52,13.666667,13.346667,13.413333,12.328137,7043400,,,
6/27/2006,13.493333,13.506667,12.806667,12.986667,11.935987,15212850,,,
6/28/2006,13.086667,13.92,12.746667,13.706667,12.597734,20834400,,,
6/29/2006,13.333333,14.326667,13.286667,14.326667,13.167575,17191650,,,
6/30/2006,14.466667,14.693333,14.086667,14.193333,13.045028,11706000,,,
7/3/2006,14.52,14.533333,14.3,14.4,13.234978,4367400,,,
7/5/2006,14.173333,14.3,13.753333,13.753333,12.640626,11492700,,,
7/6/2006,13.753333,13.886667,13.186667,13.326667,12.24848,11765850,,,
7/7/2006,13.42,13.446667,12.766667,12.913333,11.868588,13530750,,,
7/10/2006,12.946667,13.04,12.24,12.353333,11.353891,11248050,,,
7/11/2006,12.313333,12.813333,12.133333,12.766667,11.733785,15014550,,,
7/12/2006,12.72,12.866667,12.14,12.153333,11.170072,11525850,,,
7/13/2006,11.966667,12.266667,11.78,11.84,10.882093,13514550,,,
7/14/2006,12.06,12.126667,11.446667,11.78,10.826946,14303700,,,
7/17/2006,11.726667,12.006667,11.666667,11.873333,10.912726,12570150,,,
7/18/2006,12.28,12.646667,11.84,12.52,11.507075,24483300,,,
7/19/2006,12.466667,13.226667,12.373333,13.066667,12.009512,26388750,,,
7/20/2006,13.3,13.533333,12.786667,12.806667,11.77055,12640050,,,
7/21/2006,12.373333,12.426667,11.753333,11.846667,10.88822,15847950,,,
7/24/2006,12.286667,13.34,12.22,13.04,11.985005,24579450,,,
7/25/2006,13.2,13.64,13.006667,13.5,12.407788,14352600,,,
7/26/2006,13.5,13.66,13.1,13.5,12.407788,12382950,,,
7/27/2006,13.673333,14.233333,13.446667,13.693333,12.585482,17358450,,,
7/28/2006,14.046667,15.14,13.966667,15.113333,13.890595,20382450,,,
7/31/2006,14.953333,15.106667,14.72,14.76,13.565848,14869050,,,
8/1/2006,14.58,14.606667,13.9,14.166667,13.020521,15024150,,,
8/2/2006,14.48,15.326667,14.446667,15.253333,14.019271,18919350,,,
8/3/2006,15.2,16.626667,14.986667,16.213333,14.901604,22264200,,,
8/4/2006,16.639999,16.666668,15.58,15.993333,14.699401,20455800,,,
8/7/2006,15.713333,16.006666,15.5,15.806667,14.527836,10903650,,,
8/8/2006,15.933333,16.566668,15.893333,16.226667,14.913856,15495150,,,
8/9/2006,16.546667,17,16.1,16.219999,14.907732,14617650,,,
8/10/2006,16.040001,16.200001,15.766667,16.106667,14.803565,26803500,,,
8/11/2006,14.933333,16.006666,14.88,15.6,14.33789,40081800,,,
8/14/2006,15.793333,15.953333,15.433333,15.52,14.264362,20235300,,,
8/15/2006,15.92,17.1,15.766667,17.013332,15.636876,22554300,,,
8/16/2006,17.106667,18.306667,16.666668,18.233334,16.758171,25731150,,,
8/17/2006,18.006666,18.48,17.766666,17.946667,16.494699,20355600,,,
8/18/2006,17.966667,18.333332,17.34,18.24,16.764297,16647450,,,
8/21/2006,17.966667,18,17.526667,17.566668,16.145447,12505500,,,
8/22/2006,17.513332,18.026667,17.5,17.540001,16.120941,11848200,,,
8/23/2006,17.673332,17.853333,17.139999,17.526667,16.108681,12135300,,,
8/24/2006,17.573334,17.799999,17.293333,17.706667,16.274117,6520050,,,
8/25/2006,17.573334,17.966667,17.4,17.653334,16.225098,5957850,,,
8/28/2006,17.946667,18.780001,17.913334,18.26,16.782682,19114050,,,
8/29/2006,18.433332,19.173332,18.299999,19.086666,17.542465,18199050,,,
8/30/2006,19.193333,19.68,19.146667,19.48,17.903978,17039100,,,
8/31/2006,19.433332,19.52,18.986668,19.406668,17.836576,12781950,,,
9/1/2006,19.120001,19.273333,18.52,18.593332,17.089048,15143550,,,
9/5/2006,18.653334,19.073334,18.379999,19,17.462816,13733850,,,
9/6/2006,18.666668,18.693333,18,18.046667,16.586615,12339300,,,
9/7/2006,17.753332,18.813334,17.559999,18.406668,16.917484,18570900,,,
9/8/2006,18.700001,18.780001,18.059999,18.466667,16.972631,11199450,,,
9/11/2006,18.053333,18.966667,17.846666,18.753332,17.236103,14956650,,,
9/12/2006,18.666668,19.366667,18.620001,19.246668,17.689526,12460800,,,
9/13/2006,19.293333,19.653334,19.233334,19.4,17.830452,11907150,,,
9/14/2006,19.306667,19.666668,19.073334,19.326668,17.763056,10720350,,,
9/15/2006,19.393333,19.799999,19.299999,19.706667,18.11231,16244100,,,
9/18/2006,19.76,20.486668,19.700001,20.453333,18.798567,19847400,,,
9/19/2006,20.32,20.466667,19.753332,19.92,18.308378,17701350,,,
9/20/2006,20.18,20.673332,20.139999,20.646667,18.976261,12797100,,,
9/21/2006,20.626667,20.833332,20.286667,20.48,18.823076,13477650,,,
9/22/2006,20.42,20.546667,19.646667,19.873333,18.265488,16333350,,,
9/25/2006,20.173332,20.673332,19.626667,20.586666,18.92111,17112150,,,
9/26/2006,20.566668,20.620001,19.893333,20.153334,18.522839,12903000,,,
9/27/2006,20.093332,20.733334,19.9,20.093332,18.467693,14453550,,,
9/28/2006,19.306667,19.793333,19.219999,19.713333,18.118437,16183650,,,
9/29/2006,19.846666,20,19.620001,19.726667,18.13069,9347250,,,
10/2/2006,19.633333,19.76,19.066668,19.226667,17.671141,16186050,,,
10/3/2006,18.866667,19.013332,18.446667,18.866667,17.340273,22692300,,,
10/4/2006,18.893333,20.726667,18.84,20.719999,19.043661,36509550,,,
10/5/2006,20.639999,20.846666,20.08,20.133333,18.504454,16567050,,,
10/6/2006,20.166668,20.833332,20.106667,20.620001,18.951752,14840250,,,
10/9/2006,20.573334,22.219999,20.513332,21.946667,20.171082,23307600,,,
10/10/2006,21.833332,21.92,21.200001,21.446667,19.711535,15616200,,,
10/11/2006,21.333332,21.946667,21.006666,21.566668,19.821827,12048600,,,
10/12/2006,21.686666,22.1,21.34,21.653334,19.90148,10368000,,,
10/13/2006,21.58,22.639999,21.226667,22.513332,20.6919,14604750,,,
10/16/2006,22.586666,22.953333,22.073334,22.473333,20.655136,11974200,,,
10/17/2006,22.106667,22.26,21.4,21.613333,19.864717,13162650,,,
10/18/2006,21.933332,22.166668,20.886667,21.040001,19.33777,20568750,,,
10/19/2006,20.959999,21.6,20.793333,21.440001,19.705404,11826000,,,
10/20/2006,21.606667,21.620001,20.886667,21.193333,19.478695,8986950,,,
10/23/2006,21.146667,21.66,21,21.053333,19.350021,7006200,,,
10/24/2006,21.093332,21.906668,21.033333,21.666668,19.913733,12982200,,,
10/25/2006,21.873333,22.200001,21.506666,21.866667,20.097553,9735900,,,
10/26/2006,21.92,22.633333,21.92,22.559999,20.734795,9167250,,,
10/27/2006,22.559999,23.059999,21.333332,21.586666,19.840216,14174700,,,
10/30/2006,21.733334,22.233334,21.5,21.846666,20.07917,11989800,,,
10/31/2006,22.326668,23.246668,22.213333,23.246668,21.365911,24904350,,,
11/1/2006,22.940001,23.153334,21.133333,21.453333,19.717665,29413500,,,
11/2/2006,21.553333,22.02,21.013332,21.306667,19.582863,21573600,,,
11/3/2006,21.546667,21.76,21.200001,21.733334,19.975008,13701750,,,
11/6/2006,21.793333,22.693333,21.52,22.393333,20.581614,18490050,,,
11/7/2006,22.559999,22.973333,22.433332,22.733334,20.89411,13831350,,,
11/8/2006,22.573334,23.346666,22.52,23.066668,21.200468,16208100,,,
11/9/2006,23.540001,24.133333,23.326668,23.526667,21.623255,30193950,,,
11/10/2006,23.326668,23.440001,22.379999,22.959999,21.10243,32929800,,,
11/13/2006,23.006666,24.066668,23,24,22.058292,21307050,,,
11/14/2006,23.913334,24.286667,23.4,24.24,22.278879,15713250,,,
11/15/2006,24.166668,24.5,23.706667,23.84,21.911236,12297300,,,
11/16/2006,23.940001,24.233334,23.733334,24.146667,22.193096,11429550,,,
11/17/2006,23.98,24.280001,23.833332,24.213333,22.25437,9040200,,,
11/20/2006,23.913334,24.573334,23.733334,24.440001,22.462696,15215850,,,
11/21/2006,24.513332,24.553333,23.893333,24.059999,22.113438,9684600,,,
11/22/2006,24.146667,24.5,24.02,24.473333,22.49333,6006450,,,
11/24/2006,24.353333,24.706667,24.133333,24.653334,22.658766,3608400,,,
11/27/2006,24.506666,24.833332,23.373333,23.540001,21.635509,14632350,,,
11/28/2006,23.459999,24.193333,23.093332,23.98,22.039909,12024150,,,
11/29/2006,24.200001,24.626667,24.106667,24.333332,22.364655,14494800,,,
11/30/2006,24.333332,24.860001,24.040001,24.66,22.664892,14590800,,,
12/1/2006,24.386667,24.42,23.48,23.693333,21.776438,19625250,,,
12/4/2006,24,24.959999,23.913334,24.653334,22.658766,15539250,,,
12/5/2006,24.393333,24.540001,24.126667,24.4,22.425932,16583850,,,
12/6/2006,24.48,24.48,24.033333,24.366667,22.395296,11956050,,,
12/7/2006,24.366667,24.5,23.566668,23.780001,21.856094,12172350,,,
12/8/2006,23.606667,24.026667,23.266666,23.700001,21.782566,14121450,,,
12/11/2006,23.706667,24.393333,23.653334,24.106667,22.15633,12887100,,,
12/12/2006,23.926666,24.006666,23.540001,23.860001,21.929619,14202900,,,
12/13/2006,24.053333,24.333332,24.053333,24.139999,22.186962,12298800,,,
12/14/2006,24.333332,24.873333,24.313334,24.566668,22.579117,17884500,,,
12/15/2006,24.726667,25,24.573334,25,22.977388,18652350,,,
12/18/2006,25.026667,25.733334,25.013332,25.433332,23.375662,17208900,,,
12/19/2006,25.106667,25.933332,25.073334,25.799999,23.712662,13640550,,,
12/20/2006,25.666668,25.973333,25.486668,25.506666,23.443062,7664850,,,
12/21/2006,25.646667,25.719999,25,25.286667,23.240858,9198000,,,
12/22/2006,25.246668,25.333332,24.566668,24.686666,22.689411,9254250,,,
12/26/2006,24.82,25.040001,24.58,24.68,22.683277,5704800,,,
12/27/2006,24.786667,25.093332,24.786667,25.006666,22.983513,6623850,,,
12/28/2006,25.033333,25.059999,24.713333,24.826668,22.818083,5347800,,,
12/29/2006,24.826668,25.346666,24.646667,24.673332,22.677155,9652350,,,
1/3/2007,24.713333,25.013332,23.193333,24.053333,22.107311,28870500,,,
1/4/2007,23.966667,24.053333,23.353333,23.940001,22.003147,19932450,,,
1/5/2007,23.373333,23.466667,22.280001,22.440001,20.624498,31083600,,,
1/8/2007,22.52,23.040001,22.133333,22.606667,20.777689,16431750,,,
1/9/2007,22.639999,22.793333,22.139999,22.166668,20.373281,19104150,,,
1/10/2007,21.933332,23.466667,21.6,23.26,21.378164,27718650,,,
1/11/2007,23.26,23.440001,22.793333,23.173332,21.298504,23112600,,,
1/12/2007,22.826668,23.58,22.719999,23.486668,21.586487,17454750,,,
1/16/2007,23.666668,23.68,23.26,23.526667,21.623255,17796600,,,
1/17/2007,23.200001,23.34,22.946667,23.033333,21.169832,17698350,,,
1/18/2007,22.833332,22.833332,20.84,21.126667,19.417421,37540950,,,
1/19/2007,20.9,21.693333,20.753332,21.253332,19.533844,23565150,,,
1/22/2007,21.453333,21.799999,21.173332,21.253332,19.533844,18266100,,,
1/23/2007,21.153334,21.6,20.76,21.26,19.539972,15758850,,,
1/24/2007,21.533333,22.206667,21.433332,21.92,20.14658,17143050,,,
1/25/2007,22.120001,22.200001,21.046667,21.153334,19.441935,15407100,,,
1/26/2007,21.333332,21.540001,20.6,20.98,19.282621,20739600,,,
1/29/2007,20.886667,20.9,19.940001,20.120001,18.492201,31457100,,,
1/30/2007,20.253332,20.639999,20.073334,20.506666,18.847584,15904350,,,
1/31/2007,20.406668,20.626667,20.153334,20.433332,18.780188,11699400,,,
2/1/2007,20.24,20.799999,20.200001,20.693333,19.019146,16272450,,,
2/2/2007,20.806667,21.333332,20.633333,21.233334,19.515459,14664750,,,
2/5/2007,21.333332,21.76,21.299999,21.58,19.83408,14497650,,,
2/6/2007,22.066668,22.626667,21.74,22.346666,20.538717,19384650,,,
2/7/2007,22.526667,23.273333,22.393333,23.219999,21.341393,19026450,,,
2/8/2007,22.866667,23.246668,22.666668,22.92,21.06567,18156900,,,
2/9/2007,23.033333,23.226667,21.68,21.766666,20.005646,23448900,,,
2/12/2007,21.926666,22.719999,21.693333,22.246668,20.446815,19734000,,,
2/13/2007,22.606667,22.846666,22.379999,22.666668,20.832836,21243300,,,
2/14/2007,22.866667,23,22.313334,22.366667,20.557102,27046200,,,
2/15/2007,22.353333,22.613333,22.139999,22.5,20.679646,12217050,,,
2/16/2007,22.406668,22.433332,21.746668,21.813334,20.048538,22876500,,,
2/20/2007,21.846666,22.126667,21.693333,22.006666,20.226223,15639450,,,
2/21/2007,21.826668,22.059999,21.459999,21.68,19.925997,16383300,,,
2/22/2007,22.02,22.373333,21.766666,21.82,20.054667,16386300,,,
2/23/2007,22.026667,22.040001,21.76,21.766666,20.005646,10076250,,,
2/26/2007,21.826668,21.993334,21.4,21.433332,19.699284,12351750,,,
2/27/2007,21.200001,21.700001,20.753332,20.786667,19.104933,17865750,,,
2/28/2007,20.726667,21.113333,20.473333,20.666668,18.994637,19501200,,,
3/1/2007,20.219999,20.793333,19.953333,20.413334,18.761803,20930700,,,
3/2/2007,20.233334,20.48,19.806667,19.846666,18.240986,17068200,,,
3/5/2007,19.5,19.886667,19.106667,19.173332,17.622122,16588950,,,
3/6/2007,19.593332,20.526667,19.513332,20.306667,18.663769,20149350,,,
3/7/2007,20.206667,20.299999,19.646667,19.733334,18.136814,20291400,,,
3/8/2007,20.146667,20.773333,20.133333,20.546667,18.884352,19265550,,,
3/9/2007,20.833332,21.066668,20.106667,20.34,18.694407,13882650,,,
3/12/2007,20.106667,20.513332,20.08,20.219999,18.584106,10700250,,,
3/13/2007,20.013332,20.133333,19.353333,19.366667,17.799816,15426750,,,
3/14/2007,19.42,19.533333,18.693333,19.273333,17.714031,24290250,,,
3/15/2007,19.226667,19.4,18.786667,19.08,17.536345,16393800,,,
3/16/2007,19.093332,19.126667,18.766666,18.9,17.370901,13141200,,,
3/19/2007,19,19.299999,18.933332,18.993334,17.456692,11537700,,,
3/20/2007,18.933332,19.366667,18.826668,18.9,17.370901,16412250,,,
3/21/2007,19.666668,20.293333,19.293333,19.98,18.363527,31709400,,,
3/22/2007,20,20.540001,19.906668,20.42,18.767929,20273850,,,
3/23/2007,20.266666,20.626667,20.046667,20.193333,18.559601,13116000,,,
3/26/2007,20.206667,20.4,19.866667,20.233334,18.596365,11183400,,,
3/27/2007,20.186666,20.226667,19.833332,19.853333,18.247105,11725500,,,
3/28/2007,19.686666,19.853333,19.440001,19.473333,17.897854,11487600,,,
3/29/2007,19.766666,19.793333,18.82,19.133333,17.58536,17975400,,,
3/30/2007,19.393333,19.533333,19.086666,19.186666,17.634378,14531100,,,
4/2/2007,19.139999,19.299999,18.853333,19.166668,17.615999,10020750,,,
4/3/2007,19.166668,19.379999,18.913334,19.093332,17.548599,11843100,,,
4/4/2007,19.066668,19.219999,19,19.053333,17.511831,9042300,,,
4/5/2007,19.133333,20.620001,19.133333,20.6,18.933363,33322500,,,
4/9/2007,20.6,20.833332,20.186666,20.226667,18.590239,16023750,,,
4/10/2007,20.200001,20.433332,19.98,20.02,18.400291,19855500,,,
4/11/2007,20.059999,20.26,19.593332,19.66,18.069412,20253750,,,
4/12/2007,19.553333,20.280001,19.426666,20.219999,18.584106,18591000,,,
4/13/2007,20.153334,20.426666,19.906668,20.386667,18.737289,15967350,,,
4/16/2007,20.333332,20.486668,20.02,20.280001,18.639259,16795950,,,
4/17/2007,20.793333,21.266666,20.373333,20.473333,18.81695,26477700,,,
4/18/2007,20.440001,20.906668,20.333332,20.726667,19.049788,17095050,,,
4/19/2007,20.559999,21.133333,20.5,21.013332,19.313261,14201400,,,
4/20/2007,21.32,21.333332,20.98,21.26,19.539972,14751300,,,
4/23/2007,21.16,21.200001,20.853333,20.913334,19.221354,14881800,,,
4/24/2007,21.266666,21.893333,21.126667,21.700001,19.944374,25702200,,,
4/25/2007,21.666668,22.193333,21.566668,22.073334,20.287504,12741000,,,
4/26/2007,22.073334,22.513332,21.873333,22.346666,20.538717,12501750,,,
4/27/2007,22.273333,22.52,21.693333,22.046667,20.262993,13851450,,,
4/30/2007,22.346666,22.626667,21.92,21.926666,20.152702,14084700,,,
5/1/2007,22.326668,22.473333,21.98,22.16,20.367149,13613850,,,
5/2/2007,22.273333,22.366667,21.786667,21.9,20.128191,16491450,,,
5/3/2007,22.106667,22.459999,22.066668,22.313334,20.508081,12506250,,,
5/4/2007,22.433332,22.586666,22.219999,22.473333,20.655136,10131150,,,
5/7/2007,22.799999,23.053333,22,22.026667,20.244604,13927500,,,
5/8/2007,21.893333,22.246668,21.466667,22.193333,20.397791,18427500,,,
5/9/2007,22.033333,22.42,21.780001,22.293333,20.489702,10446750,,,
5/10/2007,22.386667,22.68,21.686666,21.879999,20.109802,20064600,,,
5/11/2007,23.059999,23.653334,22.706667,23.426666,21.531343,38265750,,,
5/14/2007,23.333332,23.553333,22.973333,23.193333,21.316885,18289200,,,
5/15/2007,23.26,23.4,22.933332,22.986668,21.126945,15534000,,,
5/16/2007,23.006666,23.280001,22.566668,23.280001,21.396544,13077600,,,
5/17/2007,23.213333,23.333332,22.76,22.893333,21.041159,11091600,,,
5/18/2007,23.066668,23.413334,22.873333,23.346666,21.457809,15106650,,,
5/21/2007,23.280001,24,23.166668,23.42,21.525221,16144200,,,
5/22/2007,23.440001,23.76,23.059999,23.546667,21.641636,10043400,,,
5/23/2007,23.559999,23.700001,22.853333,22.92,21.06567,11206200,,,
5/24/2007,23.026667,23.093332,22,22.093332,20.305882,15195000,,,
5/25/2007,22.253332,22.553333,22.186666,22.440001,20.624498,7724400,,,
5/29/2007,22.346666,22.753332,22.280001,22.68,20.845085,7906050,,,
5/30/2007,22.413334,22.733334,22.133333,22.733334,20.89411,8291250,,,
5/31/2007,22.9,23.233334,22.793333,23.093332,21.224976,12039300,,,
6/1/2007,23.353333,23.700001,23.213333,23.253332,21.372038,10727100,,,
6/4/2007,23.040001,23.513332,22.946667,23.379999,21.488449,8050050,,,
6/5/2007,23.446667,24.113333,23.406668,24.073334,22.125694,17464650,,,
6/6/2007,23.906668,24.639999,23.806667,24.253332,22.29113,23768400,,,
6/7/2007,24.139999,24.5,23.986668,23.993334,22.052164,19796550,,,
6/8/2007,23.793333,24.4,23.5,24.366667,22.395296,13331700,,,
6/11/2007,24.366667,24.6,24.233334,24.453333,22.474947,10865850,,,
6/12/2007,24.326668,24.666668,24.186666,24.200001,22.242107,13169250,,,
6/13/2007,24.466667,24.786667,24.153334,24.780001,22.775187,14680800,,,
6/14/2007,24.666668,25.313334,24.633333,25.219999,23.179588,12713700,,,
6/15/2007,25.506666,26.566668,25.5,26.366667,24.233488,27049950,,,
6/18/2007,26.633333,26.726667,26.166668,26.379999,24.245747,17141550,,,
6/19/2007,26.213333,26.606667,26.033333,26.546667,24.398924,12298800,,,
6/20/2007,26.666668,26.799999,26.393333,26.573334,24.423435,20569800,,,
6/21/2007,27.086666,28.886667,26.879999,28.653334,26.33515,32433150,,,
6/22/2007,28.666668,29.246668,28.233334,29.08,26.727295,22065450,,,
6/25/2007,28.266666,28.959999,28.006666,28.313334,26.022659,20492550,,,
6/26/2007,28.24,28.32,26.933332,27,24.815577,21712050,,,
6/27/2007,27,27.76,26.866667,27.726667,25.483459,15328500,,,
6/28/2007,27.806667,28.293333,27.533333,27.993334,25.728544,14938350,,,
6/29/2007,28.18,28.186666,27.526667,27.540001,25.31189,12914250,,,
7/2/2007,27.933332,28.700001,27.846666,28.686666,26.365789,14096250,,,
7/3/2007,28.666668,28.959999,28.433332,28.733334,26.408678,5969250,,,
7/5/2007,28.74,29.133333,28.6,29.040001,26.690531,9332250,,,
7/6/2007,29,29.293333,28.946667,29.18,26.819206,7068000,,,
7/9/2007,29.286667,30.166668,29.280001,30.026667,27.59737,13419600,,,
7/10/2007,29.873333,30.5,29.553333,30.32,27.866976,13816350,,,
7/11/2007,30.313334,30.52,29.766666,30.186666,27.744423,14565300,,,
7/12/2007,30.4,30.799999,30.186666,30.766666,28.277506,10968300,,,
7/13/2007,30.68,31.046667,30.546667,30.58,28.105944,9315750,,,
7/16/2007,30.606667,31.26,30.6,31.133333,28.614513,13542750,,,
7/17/2007,31.26,31.886667,30.973333,31,28.491957,16095300,,,
7/18/2007,30.553333,30.646667,29.833332,30.433332,27.971132,13766400,,,
7/19/2007,30.866667,31.02,30.186666,30.4,27.9405,10184400,,,
7/20/2007,30.6,30.706667,29.92,30.066668,27.634142,12641250,,,
7/23/2007,29.959999,30.986668,29.893333,30.366667,27.909859,9011850,,,
7/24/2007,30.246668,30.5,29.379999,29.566668,27.174595,11439000,,,
7/25/2007,29.573334,29.993334,28.746668,29.426666,27.045916,10929900,,,
7/26/2007,29.113333,29.986668,28.719999,29.573334,27.180719,17756700,,,
7/27/2007,29.5,30.860001,29.486668,29.5,27.113321,15387000,,,
7/30/2007,29.606667,30.373333,29.6,30.326668,27.873108,13453950,,,
7/31/2007,31.526667,31.953333,30.466667,30.506666,28.038542,17787300,,,
8/1/2007,30.066668,30.806667,28.866667,30.280001,27.830212,17645700,,,
8/2/2007,30.626667,30.653334,29.74,30.146667,27.707668,11715150,,,
8/3/2007,30.046667,30.266666,28.346666,28.360001,26.065548,15585300,,,
8/6/2007,28.6,28.813334,27.799999,28.6,26.286129,13118100,,,
8/7/2007,28.6,29.526667,28.219999,29.053333,26.702784,14144100,,,
8/8/2007,29.58,31.299999,29.353333,30.393333,27.934374,16518600,,,
8/9/2007,30.6,31.6,29.9,30.753332,28.265249,31295850,,,
8/10/2007,28.233334,29.526667,27.593332,29.326668,26.954008,28525350,,,
8/13/2007,29.559999,29.76,28.4,29.006666,26.659899,17510250,,,
8/14/2007,29.206667,30.6,29.120001,30.133333,27.69541,27304350,,,
8/15/2007,29.973333,30.4,28.82,28.860001,26.525097,17378550,,,
8/16/2007,28.573334,28.780001,27,28.379999,26.083929,19500750,,,
8/17/2007,29.166668,30.08,28.26,30.053333,27.621881,18217800,,,
8/20/2007,30.073334,30.4,29.566668,29.933332,27.511591,12992100,,,
8/21/2007,30.113333,31.793333,29.666668,31.553333,29.000523,17883450,,,
8/22/2007,32.353333,32.459999,31.700001,32.273335,29.662273,14153850,,,
8/23/2007,32.426666,32.806667,31.860001,32,29.411053,16699650,,,
8/24/2007,31.906668,32.226665,31.673332,32.166668,29.564238,9041100,,,
8/27/2007,32.166668,33.233334,32.02,32.893333,30.232109,15898650,,,
8/28/2007,33,33.133331,30.813334,30.886667,28.387794,14000550,,,
8/29/2007,31.533333,32.68,31.466667,32.639999,29.999275,13464000,,,
8/30/2007,32.326668,33.259998,32.313332,32.453335,29.827711,11641500,,,
8/31/2007,33.133331,34.233334,32.953335,34.106667,31.347279,18020850,,,
9/4/2007,34.259998,35.306667,33.726665,35.16,32.315399,17081700,,,
9/5/2007,35.006668,36,34.866669,34.893333,32.070301,16406850,,,
9/6/2007,35.326668,35.646667,34.900002,35.046665,32.211231,10637400,,,
9/7/2007,34.073334,34.426666,33.113335,33.766666,31.034792,15057600,,,
9/10/2007,34.5,35.099998,33.580002,33.860001,31.120579,21802800,,,
9/11/2007,34.27,34.84,33.91,34.580002,31.782316,10135600,,,
9/12/2007,34.950001,35.119999,32.880001,33.220001,30.532356,13861300,,,
9/13/2007,33.849998,33.889999,32.990002,33.23,30.541538,11321600,,,
9/14/2007,32.900002,32.939999,32.150002,32.25,29.640829,12182700,,,
9/17/2007,32.299999,32.639999,31.83,32.18,29.57649,9370700,,,
9/18/2007,32.52,35.5,32.470001,35,32.16835,21118500,,,
9/19/2007,35.32,36,34.02,34.360001,31.580128,13034000,,,
9/20/2007,34.380001,34.75,33.779999,34.16,31.396303,8104300,,,
9/21/2007,34.5,35,34.16,34.490002,31.699594,11438300,,,
9/24/2007,34.700001,35.900002,34.450001,35.369999,32.508404,11409000,,,
9/25/2007,35.16,35.970001,35.060001,35.82,32.921997,9018700,,,
9/26/2007,36,36.75,35.91,36.669998,33.703232,12950800,,,
9/27/2007,37.02,37.200001,36.389999,36.779999,33.804337,9457000,,,
9/28/2007,37,37.130001,36.16,36.240002,33.308022,10107300,,,
10/1/2007,36.549999,37.950001,36.509998,37.77,34.714237,9955000,,,
10/2/2007,37.68,37.75,36.860001,37.41,34.383354,7124000,,,
10/3/2007,36.75,36.75,35.23,35.82,32.921997,11679900,,,
10/4/2007,35.779999,36.189999,34.75,35.98,33.069057,9474400,,,
10/5/2007,36.549999,37.130001,36.16,36.93,33.942196,8621000,,,
10/8/2007,37.189999,37.59,36.75,37.529999,34.493652,6312100,,,
10/9/2007,37.529999,37.700001,36.32,36.869999,33.887047,10075200,,,
10/10/2007,37.119999,37.119999,36.02,36.91,33.923824,9728400,,,
10/11/2007,36.57,37.029999,34.869999,35.27,32.416512,13227600,,,
10/12/2007,35.66,36.130001,35.110001,36.130001,33.206917,10248800,,,
10/15/2007,36.25,36.860001,36.080002,36.389999,33.445885,8897500,,,
10/16/2007,36.349998,37.369999,36.220001,36.720001,33.749187,6909000,,,
10/17/2007,38.150002,39.650002,38.110001,39.540001,36.341045,17948600,,,
10/18/2007,39.41,39.669998,38.419998,39.509998,36.313473,8515500,,,
10/19/2007,39.419998,39.439999,37.380001,37.389999,34.364983,12644200,,,
10/22/2007,37.150002,39.240002,36.849998,39.16,35.991779,13441400,,,
10/23/2007,39.669998,39.669998,38.279999,39.349998,36.166401,7357300,,,
10/24/2007,38.5,38.5,36.150002,38.02,34.944,14137500,,,
10/25/2007,36.849998,37.200001,33.59,34.700001,31.892611,20154800,,,
10/26/2007,35.799999,36.040001,33.900002,34.400002,31.61688,15414500,,,
10/29/2007,33.220001,33.75,32.560001,33.59,30.872421,20347400,,,
10/30/2007,33.860001,35.529999,33.299999,34.82,32.002914,13130300,,,
10/31/2007,35.029999,35.400002,33.939999,35.380001,32.517616,11379700,,,
11/1/2007,34.830002,36.09,34.349998,35.380001,32.517616,14680900,,,
11/2/2007,35.869999,37,35.369999,36.740002,33.767578,12296100,,,
11/5/2007,36.43,37.619999,36.200001,36.740002,33.767578,10915900,,,
11/6/2007,37.09,38.200001,36.919998,37.900002,34.833717,13865500,,,
11/7/2007,37.880001,38.029999,35.799999,36.099998,33.17934,13669200,,,
11/8/2007,35.75,36.400002,32.810001,33.84,31.102192,24920600,,,
11/9/2007,34.549999,34.799999,32.650002,33.360001,30.661032,21776400,,,
11/12/2007,33.349998,33.59,30.030001,30.030001,27.600435,17893300,,,
11/13/2007,30.52,32.709999,30.030001,32.68,30.036043,18167400,,,
11/14/2007,33.509998,33.830002,32,32.169998,29.567297,16668000,,,
11/15/2007,31.959999,32.259998,31,31.74,29.172094,12410900,,,
11/16/2007,32,32.540001,31.74,32.450001,29.824646,10589800,,,
11/19/2007,31.99,32.150002,30.09,30.26,27.811832,14210300,,,
11/20/2007,30.83,30.879999,29.110001,30.030001,27.600435,15565700,,,
11/21/2007,29.4,30.42,29.309999,29.709999,27.306328,16211300,,,
11/23/2007,29.92,30.35,29.540001,30.219999,27.775063,3549400,,,
11/26/2007,30.200001,30.82,29.459999,29.52,27.131697,9647400,,,
11/27/2007,29.940001,30.879999,29.709999,30.790001,28.298952,11471400,,,
11/28/2007,31.76,33.290001,31.610001,32.849998,30.192286,14363700,,,
11/29/2007,32.799999,34.099998,32.66,33.119999,30.440443,12227100,,,
11/30/2007,34.200001,34.200001,31.440001,31.540001,28.98827,16316400,,,
12/3/2007,32,32.59,31.51,32,29.411053,12267200,,,
12/4/2007,32.139999,32.25,31.35,31.969999,29.38348,9292800,,,
12/5/2007,33.189999,34.25,32.779999,33.630001,30.909185,16667600,,,
12/6/2007,33.549999,34.419998,33.25,34.310001,31.534178,9278800,,,
12/7/2007,34.450001,34.490002,33.529999,33.880001,31.13896,8007300,,,
12/10/2007,33.990002,34.650002,33.889999,34.25,31.479021,8409000,,,
12/11/2007,34.98,35.619999,34.209999,34.290001,31.515783,14560900,,,
12/12/2007,35.740002,36.09,34.779999,35.470001,32.600319,15437600,,,
12/13/2007,35.040001,35.27,33.48,34.5,31.708794,12509100,,,
12/14/2007,34.34,35.450001,34.110001,35.07,32.23267,8850400,,,
12/17/2007,34.700001,35.029999,33.200001,33.279999,30.587503,12685200,,,
12/18/2007,33.790001,34.5,33.450001,34.130001,31.368732,9922400,,,
12/19/2007,34.009998,34.77,33.869999,34.450001,31.662834,6338400,,,
12/20/2007,35,35.25,34.27,35.169998,32.324585,6998500,,,
12/21/2007,35.59,35.900002,34.84,35.16,32.315399,10835200,,,
12/24/2007,35.419998,35.950001,35.16,35.779999,32.88525,2600200,,,
12/26/2007,35.849998,36.259998,35.5,36.259998,33.326397,5383500,,,
12/27/2007,36.200001,36.400002,35.049999,35.139999,32.297009,6034200,,,
12/28/2007,35.080002,35.5,34.490002,34.790001,31.975338,6551600,,,
12/31/2007,34.509998,35.139999,34.009998,34.02,31.267633,6905900,,,
1/2/2008,34.119999,34.25,32.560001,33.009998,30.339348,12099100,,,
1/3/2008,33.200001,33.860001,32.630001,32.75,30.100376,11882700,,,
1/4/2008,31.77,31.93,29.799999,30,27.572874,18402300,,,
1/7/2008,30.200001,30.450001,26.35,26.9,24.723669,25170000,,,
1/8/2008,27.049999,29.290001,26.42,27.469999,25.247551,27673900,,,
1/9/2008,27.84,28.9,27.43,28.889999,26.552671,18525900,,,
1/10/2008,28.1,28.74,27.73,28.290001,26.001217,13860800,,,
1/11/2008,27.620001,28.200001,26.85,27.049999,24.861532,14315300,,,
1/14/2008,27.450001,28.889999,27.01,28.85,26.515905,13479700,,,
1/15/2008,27.75,28.08,26.26,26.73,24.567421,18142300,,,
1/16/2008,25.049999,25.360001,23.16,23.709999,21.791756,36611800,,,
1/17/2008,24.08,24.719999,23.24,23.299999,21.414927,28347500,,,
1/18/2008,23.370001,24.969999,22.52,24.84,22.830334,23010700,,,
1/22/2008,22.469999,24.18,22.33,23.6,21.690659,17727300,,,
1/23/2008,22.639999,24.74,22.42,24.030001,22.085861,23247000,,,
1/24/2008,24.5,25.879999,24.27,25.870001,23.777002,14927300,,,
1/25/2008,26.860001,27.459999,24.83,24.950001,22.931433,17200300,,,
1/28/2008,24.860001,25.110001,24.120001,24.65,22.655699,14440200,,,
1/29/2008,25.09,25.51,24.440001,25.41,23.354216,10362100,,,
1/30/2008,25,25.57,24.469999,25.190001,23.152016,13261900,,,
1/31/2008,24.639999,25.049999,23.83,24.59,22.600555,14717700,,,
2/1/2008,24.540001,27,24.33,26.860001,24.686907,14827600,,,
2/4/2008,27.440001,27.59,25.879999,26.02,23.914867,14128200,,,
2/5/2008,25.5,25.51,24.379999,24.389999,22.416744,12373200,,,
2/6/2008,24.65,25.33,23.860001,24.309999,22.343206,13934500,,,
2/7/2008,23.610001,25.24,23.1,24.549999,22.563799,16603200,,,
2/8/2008,24.32,25.18,24,24.99,22.968199,9848300,,,
2/11/2008,25.200001,25.610001,24.9,25.07,23.041721,12593300,,,
2/12/2008,25.450001,26.360001,25.309999,26,23.896486,15242200,,,
2/13/2008,26.200001,27.1,25.92,27.02,24.83396,18557800,,,
2/14/2008,26.23,26.25,22.549999,22.610001,20.78075,54607400,,,
2/15/2008,22.52,23.129999,21.91,22.27,20.468262,20434100,,,
2/19/2008,22.68,22.719999,21.75,21.940001,20.164955,13965200,,,
2/20/2008,21.299999,22.1,21.209999,21.780001,20.017897,18975400,,,
2/21/2008,22,22.110001,21.16,21.290001,19.567547,16106800,,,
2/22/2008,21.459999,22.360001,21.299999,22.32,20.514214,18076300,,,
2/25/2008,22.299999,22.559999,21.719999,22.309999,20.50502,16794600,,,
2/26/2008,22.18,22.84,21.84,22.5,20.679646,14135500,,,
2/27/2008,22.389999,23.030001,22.25,22.85,21.001328,13445400,,,
2/28/2008,22.65,22.690001,21.99,21.99,20.210915,12590200,,,
2/29/2008,21.629999,21.92,21.299999,21.389999,19.659454,13514400,,,
3/3/2008,21.360001,21.51,20.860001,21.139999,19.429678,11225700,,,
3/4/2008,21,21.040001,20.110001,20.93,19.23667,19472200,,,
3/5/2008,21.129999,21.67,20.91,21.17,19.457254,16116400,,,
3/6/2008,20.91,21.049999,19.809999,19.84,18.234865,26882100,,,
3/7/2008,19.48,20.32,19,19.549999,17.968321,19187500,,,
3/10/2008,19.309999,19.549999,18.4,18.43,16.938932,19402500,,,
3/11/2008,19,19.23,18.24,19.040001,17.499582,21448500,,,
3/12/2008,19.219999,19.389999,18.360001,18.52,17.02165,18583000,,,
3/13/2008,18.23,19.98,18.120001,19.700001,18.106184,30513200,,,
3/14/2008,19.799999,19.82,18.18,18.32,16.837831,28874300,,,
3/17/2008,17.52,18.48,17.309999,17.860001,16.415045,20023800,,,
3/18/2008,18.280001,19,17.76,18.969999,17.435238,26881400,,,
3/19/2008,18.530001,18.790001,17.66,17.66,16.231226,22011900,,,
3/20/2008,17.870001,18.559999,17.549999,18.52,17.02165,15836500,,,
3/24/2008,18.93,20.139999,18.860001,20.030001,18.409483,22186000,,,
3/25/2008,20.120001,20.700001,19.93,20.32,18.67602,18384700,,,
3/26/2008,20.049999,20.190001,19.450001,19.67,18.078613,18041300,,,
3/27/2008,19.370001,19.92,19.07,19.389999,17.821266,15032700,,,
3/28/2008,19.74,20.190001,19.540001,19.68,18.087805,14044700,,,
3/31/2008,19.889999,20.26,19.540001,19.790001,18.188902,14249800,,,
4/1/2008,20.379999,21.049999,20.09,21,19.301008,16921800,,,
4/2/2008,21.059999,21.059999,20.200001,20.360001,18.712784,15413400,,,
4/3/2008,20.190001,20.219999,19.389999,19.98,18.363527,21049600,,,
4/4/2008,19.58,19.68,18.73,18.780001,17.260612,38388200,,,
4/7/2008,19.24,19.52,19.08,19.23,17.674198,18237400,,,
4/8/2008,19,19.74,19,19.120001,17.573107,15986900,,,
4/9/2008,19.34,19.700001,19.16,19.5,17.922361,16880800,,,
4/10/2008,19.709999,20.51,19.290001,19.879999,18.271618,27304600,,,
4/11/2008,19.5,19.620001,18.41,18.530001,17.030842,27657000,,,
4/14/2008,18.459999,18.5,17.799999,17.91,16.460999,19500100,,,
4/15/2008,18,18.190001,17.610001,18.120001,16.654011,10997900,,,
4/16/2008,18.809999,19.08,18.48,18.84,17.31576,16170900,,,
4/17/2008,17.969999,18.65,17.959999,18.58,17.076797,14924200,,,
4/18/2008,19.15,19.32,18.76,19.02,17.481197,14338500,,,
4/21/2008,18.870001,20,18.870001,19.870001,18.262426,16997300,,,
4/22/2008,19.51,19.719999,19.08,19.5,17.922361,14691700,,,
4/23/2008,19.77,20.66,19.51,20.440001,18.786312,25512400,,,
4/24/2008,20.559999,20.66,19.65,19.950001,18.335953,16394100,,,
4/25/2008,20.139999,20.200001,19.51,20.15,18.519773,13805200,,,
4/28/2008,20.059999,20.360001,19.709999,19.790001,18.188902,13392500,,,
4/29/2008,19.57,20.450001,19.57,20.200001,18.565725,14335200,,,
4/30/2008,20.440001,20.77,20.299999,20.549999,18.887413,26708000,,,
5/1/2008,20.799999,21.549999,20.700001,21.5,19.760553,25365600,,,
5/2/2008,22.09,22.52,21.76,22.52,20.698029,28275400,,,
5/5/2008,22.370001,22.469999,21.91,21.959999,20.183338,23584800,,,
5/6/2008,21.9,22.58,21.559999,22.530001,20.707224,18225900,,,
5/7/2008,22.59,22.889999,21.82,22.01,20.229286,17890800,,,
5/8/2008,22.18,22.25,21.01,21.950001,20.174147,34000000,,,
5/9/2008,22.01,23.43,21.969999,22.530001,20.707224,50758800,,,
5/12/2008,22.82,22.82,21.67,21.889999,20.119003,25166300,,,
5/13/2008,22,22,21.280001,21.440001,19.705404,21352700,,,
5/14/2008,21.709999,22.639999,21.440001,22.07,20.284435,18778700,,,
5/15/2008,22.02,23.879999,21.92,23.780001,21.856094,29136600,,,
5/16/2008,24.18,24.459999,23.629999,24.41,22.43512,27288900,,,
5/19/2008,24.42,25.309999,23.73,23.9,21.966383,28963300,,,
5/20/2008,23.25,23.52,23.01,23.280001,21.396544,19285100,,,
5/21/2008,23.34,24.24,23.040001,23.09,21.221916,26666500,,,
5/22/2008,23.42,23.84,23.049999,23.65,21.736607,17327700,,,
5/23/2008,23.610001,23.799999,22.77,23.110001,21.240303,20066800,,,
5/27/2008,23.15,23.389999,22.709999,23.360001,21.47007,20821400,,,
5/28/2008,24,24.059999,23.309999,23.58,21.672272,18793400,,,
5/29/2008,23.59,23.629999,23.09,23.52,21.617119,17336500,,,
5/30/2008,24.190001,24.780001,24.120001,24.700001,22.701656,20756100,,,
6/2/2008,24.700001,24.99,24.43,24.799999,22.793568,18366500,,,
6/3/2008,24.879999,24.92,23.67,23.959999,22.021524,21017400,,,
6/4/2008,23.43,24.290001,23.299999,24.24,22.278879,20793100,,,
6/5/2008,25.08,25.35,24.57,24.85,22.839525,20696500,,,
6/6/2008,24.549999,24.58,23.92,24.059999,22.113438,19621900,,,
6/9/2008,23.92,24.25,23.209999,23.690001,21.773369,15947900,,,
6/10/2008,23.049999,23.08,22.139999,22.290001,20.486639,30630200,,,
6/11/2008,22.290001,22.83,21.219999,21.25,19.530785,24985700,,,
6/12/2008,21.73,22.15,21.200001,21.379999,19.650253,20649800,,,
6/13/2008,21.41,21.66,20.68,21.309999,19.585926,17643700,,,
6/16/2008,21.08,21.280001,20.85,21.02,19.319387,15762400,,,
6/17/2008,21.32,21.33,20.459999,20.51,18.850647,17197800,,,
6/18/2008,20.299999,21,19.58,19.91,18.299189,26631800,,,
6/19/2008,20.02,20.299999,19.379999,19.860001,18.253237,19623200,,,
6/20/2008,19.42,19.98,19.41,19.76,18.161324,18525200,,,
6/23/2008,19.91,19.93,19.18,19.35,17.784496,19415400,,,
6/24/2008,19.24,20.450001,19.24,19.99,18.372715,26973200,,,
6/25/2008,20.299999,20.450001,19.780001,20.1,18.473822,22524400,,,
6/26/2008,19.5,19.65,19.07,19.07,17.527143,21138300,,,
6/27/2008,19.15,19.389999,18.709999,19.280001,17.720163,14603500,,,
6/30/2008,19.059999,19.23,18.59,18.719999,17.205465,16348500,,,
7/1/2008,18.5,18.77,18.16,18.75,17.233038,22036600,,,
7/2/2008,18.66,18.780001,18,18.030001,16.571293,19079900,,,
7/3/2008,12.98,13.13,12.4,12.49,11.479503,74688000,,,
7/7/2008,12.68,12.76,11.76,12.1,11.121054,55067300,,,
7/8/2008,12.18,12.48,11.8,12.03,11.056719,45132200,,,
7/9/2008,12.06,12.24,11.82,11.82,10.863708,35329200,,,
7/10/2008,11.88,12.02,11.57,11.79,10.836136,26424800,,,
7/11/2008,11.55,11.96,11.32,11.67,10.725844,20194000,,,
7/14/2008,11.76,11.85,11.06,11.14,10.238722,22057900,,,
7/15/2008,11.04,11.49,10.7,11.26,10.349014,28062100,,,
7/16/2008,11.3,11.62,10.99,11.32,10.404161,25859800,,,
7/17/2008,11.5,11.5,10.92,11.36,10.440922,21552000,,,
7/18/2008,11.28,11.63,10.96,11.56,10.624745,22493000,,,
7/21/2008,11.74,11.91,11.53,11.63,10.689082,14290900,,,
7/22/2008,11.52,11.57,11.16,11.38,10.459309,13898100,,,
7/23/2008,11.46,11.84,11.41,11.72,10.771801,14871900,,,
7/24/2008,11.6,11.71,11,11.03,10.137622,17640700,,,
7/25/2008,11.14,11.6,10.91,11.56,10.624745,25990000,,,
7/28/2008,11.41,11.91,11.36,11.53,10.597171,18370200,,,
7/29/2008,11.55,11.94,11.42,11.65,10.707463,19115900,,,
7/30/2008,11.88,11.9,11.22,11.48,10.551215,14712300,,,
7/31/2008,11.45,11.69,11.32,11.44,10.514454,12180900,,,
8/1/2008,11.14,11.18,10.7,10.84,9.962998,22026500,,,
8/4/2008,10.84,10.9,10.55,10.58,9.72403,13051300,,,
8/5/2008,10.78,11.19,10.66,11.19,10.284678,17146100,,,
8/6/2008,11.22,11.59,10.86,11.49,10.560406,20371600,,,
8/7/2008,11.39,11.9,11.18,11.31,10.394971,20480800,,,
8/8/2008,11.4,11.5,10.96,11,10.110049,21344100,,,
8/11/2008,11.08,11.5,11.04,11.23,10.321444,29910900,,,
8/12/2008,11.32,11.35,10.91,11.07,10.174391,35271700,,,
8/13/2008,11.95,12.44,11.66,12.26,11.268111,52381500,,,
8/14/2008,12.17,13.49,12.17,13,11.948243,40882600,,,
8/15/2008,13.23,13.38,12.87,12.96,11.91148,19441300,,,
8/18/2008,13.05,13.34,12.91,13.22,12.150444,22349200,,,
8/19/2008,12.95,13.5,12.95,13.42,12.334263,25353500,,,
8/20/2008,13.62,14.12,13.52,14.08,12.940867,28592300,,,
8/21/2008,13.83,13.94,13.34,13.62,12.518082,25539000,,,
8/22/2008,13.72,13.88,13.32,13.61,12.508889,11481600,,,
8/25/2008,13.53,13.85,13.37,13.41,12.325071,11790000,,,
8/26/2008,13.48,13.49,12.95,13.09,12.030957,15327800,,,
8/27/2008,12.79,13.35,12.67,13.19,12.122873,11365500,,,
8/28/2008,13.21,13.35,13.01,13.14,12.076913,9129800,,,
8/29/2008,12.96,13,12.6,12.64,11.617367,12900100,,,
9/2/2008,12.85,12.96,12.15,12.32,11.323256,17348200,,,
9/3/2008,12.15,12.2,11.55,11.66,10.716653,17871400,,,
9/4/2008,11.53,11.65,11.43,11.5,10.569597,17903200,,,
9/5/2008,11.4,11.7,11.39,11.67,10.725844,19777500,,,
9/8/2008,11.78,11.78,11,11.19,10.284678,32871000,,,
9/9/2008,11.15,11.83,10.77,10.81,9.93542,27457400,,,
9/10/2008,10.94,11.16,10.75,10.82,9.944613,16107100,,,
9/11/2008,10.2,10.52,9.96,10.3,9.466681,26674400,,,
9/12/2008,10.21,10.28,9.61,10.19,9.36558,30230000,,,
9/15/2008,9.83,9.98,9.18,9.3,8.547588,21599600,,,
9/16/2008,8.97,9.66,8.8,9.59,8.814127,31021000,,,
9/17/2008,9.37,10.22,9.28,10,9.190959,34814500,,,
9/18/2008,10.12,11.42,10.1,10.89,10.008948,40276500,,,
9/19/2008,11.41,11.5,10.9,11.41,10.486877,27683600,,,
9/22/2008,11.32,11.65,11.11,11.17,10.266294,17501800,,,
9/23/2008,11.08,11.49,10.81,10.85,9.972187,20536700,,,
9/24/2008,10.71,11.47,10.65,11.25,10.339823,21650900,,,
9/25/2008,11.25,11.74,11.06,11.47,10.542025,14708200,,,
9/26/2008,11.19,11.77,10.98,11.69,10.744225,16171300,,,
9/29/2008,11.38,11.52,10,10.1,9.282863,24381000,,,
9/30/2008,10.26,10.81,10.15,10.71,9.843518,16476100,,,
10/1/2008,10.55,10.74,10.22,10.41,9.567784,13930200,,,
10/2/2008,10.48,10.48,9.28,9.33,8.57516,19693200,,,
10/3/2008,9.48,9.75,8.97,9.03,8.299432,22895700,,,
10/6/2008,8.6,8.62,7.31,7.85,7.2149,41936000,,,
10/7/2008,8.13,8.15,7.18,7.24,6.65425,26499600,,,
10/8/2008,6.98,7.82,6.91,7.39,6.792115,30486400,,,
10/9/2008,7.66,7.77,6.84,6.92,6.360142,22740900,,,
10/10/2008,6.32,7.33,6.28,6.81,6.259041,30006300,,,
10/13/2008,7.39,8.06,7.3,8.05,7.398719,22913400,,,
10/14/2008,8.35,8.4,7.65,7.87,7.233281,30225300,,,
10/15/2008,7.82,7.86,7.02,7.02,6.452051,21351600,,,
10/16/2008,7.23,7.74,6.9,7.7,7.077034,25495500,,,
10/17/2008,7.48,8.09,7.34,7.65,7.031081,20985400,,,
10/20/2008,7.91,7.97,7.61,7.8,7.168945,14894100,,,
10/21/2008,7.65,7.73,7.16,7.2,6.617489,16477900,,,
10/22/2008,7.1,7.4,6.74,6.93,6.369331,15024900,,,
10/23/2008,6.91,7.08,6.26,6.54,6.010886,20804800,,,
10/24/2008,6,6.95,5.97,6.61,6.075222,19958400,,,
10/27/2008,6.57,7.38,6.36,6.97,6.406096,17473400,,,
10/28/2008,7.34,8.03,7.21,8.02,7.371147,21248000,,,
10/29/2008,7.97,8.8,7.93,8.28,7.610111,24432100,,,
10/30/2008,8.75,8.8,8.1,8.63,7.931796,16429400,,,
10/31/2008,8.36,8.93,8.34,8.76,8.051279,15216800,,,
11/3/2008,8.95,9.11,8.3,8.44,7.757165,18098100,,,
11/4/2008,8.73,8.98,8.5,8.98,8.253477,15489000,,,
11/5/2008,8.65,8.9,8.51,8.51,7.821506,19690500,,,
11/6/2008,8.01,8.31,7.6,7.62,7.003509,19948400,,,
11/7/2008,8.68,9.07,8.1,8.72,8.014512,28301700,,,
11/10/2008,9.05,9.1,7.97,8.16,7.499819,14409900,,,
11/11/2008,8.04,8.1,7.72,7.8,7.168945,14412100,,,
11/12/2008,7.56,7.74,7.25,7.34,6.746161,16152300,,,
11/13/2008,7,7.95,6.86,7.94,7.297618,19930700,,,
11/14/2008,7.62,7.66,7.14,7.17,6.589914,18525600,,,
11/17/2008,7.1,7.29,6.95,7.02,6.452051,9705600,,,
11/18/2008,7.16,7.2,6.56,6.79,6.240659,14112200,,,
11/19/2008,6.73,6.9,6.2,6.23,5.725965,12505500,,,
11/20/2008,6.18,6.49,5.83,5.9,5.422665,21175900,,,
11/21/2008,6.09,6.38,5.75,6.38,5.863829,14976600,,,
11/24/2008,6.77,6.88,6.4,6.8,6.24985,15007700,,,
11/25/2008,7.1,7.12,6.79,6.99,6.424479,13206400,,,
11/26/2008,6.87,7.63,6.83,7.61,6.994316,15019800,,,
11/28/2008,7.49,7.6,7.37,7.47,6.865644,4381200,,,
12/1/2008,7.17,7.24,6.82,6.83,6.277423,13677800,,,
12/2/2008,6.96,7.3,6.87,7.21,6.62668,11999700,,,
12/3/2008,6.93,7.59,6.87,7.58,6.966744,14615800,,,
12/4/2008,7.43,7.8,6.91,7.08,6.507197,11657300,,,
12/5/2008,6.86,7.39,6.74,7.36,6.764543,10962100,,,
12/8/2008,7.5,7.65,6.95,7.12,6.54396,17699800,,,
12/9/2008,7.03,8.09,6.95,7.81,7.178136,20744000,,,
12/10/2008,7.96,8.75,7.83,8.55,7.858267,24028100,,,
12/11/2008,8.5,8.8,8.09,8.19,7.527391,14567500,,,
12/12/2008,7.95,8.65,7.79,8.6,7.90422,16981700,,,
12/15/2008,8.65,8.7,8.05,8.32,7.646876,11924900,,,
12/16/2008,8.4,8.9,8.32,8.88,8.161569,13048500,,,
12/17/2008,8.72,9.45,8.6,9.32,8.565969,16854500,,,
12/18/2008,9.26,9.29,8.35,8.46,7.775548,13770200,,,
12/19/2008,8.57,8.9,8.49,8.52,7.830691,14828000,,,
12/22/2008,8.65,8.67,7.71,8.02,7.371147,13061600,,,
12/23/2008,8.07,8.24,7.79,7.91,7.270045,9436300,,,
12/24/2008,7.75,7.94,7.56,7.72,7.095417,3665400,,,
12/26/2008,7.72,7.82,7.3,7.51,6.902408,5653900,,,
12/29/2008,7.61,7.75,7.12,7.75,7.122989,11504200,,,
12/30/2008,7.85,8.14,7.67,8.02,7.371147,10246500,,,
12/31/2008,7.92,8.27,7.78,8.07,7.4171,11039500,,,
1/2/2009,8.07,8.77,8.04,8.71,8.00532,12428100,,,
1/5/2009,8.61,9.07,8.55,8.87,8.15238,17643400,,,
1/6/2009,9.13,9.43,8.93,9.17,8.428104,16447600,,,
1/7/2009,8.96,8.96,8.31,8.62,7.922605,21752400,,,
1/8/2009,8.51,8.51,7.88,8.4,7.720401,25362400,,,
1/9/2009,8.4,8.4,7.91,7.93,7.288427,19033800,,,
1/12/2009,7.93,7.97,7.5,7.61,6.994316,16138300,,,
1/13/2009,7.35,7.94,7.21,7.65,7.031081,45610600,,,
1/14/2009,7.38,7.47,7.2,7.31,6.718587,24372700,,,
1/15/2009,7.35,7.69,7.2,7.57,6.957553,24955100,,,
1/16/2009,7.78,8.06,7.53,7.99,7.343574,20783100,,,
1/20/2009,7.97,8,7.15,7.21,6.62668,17644700,,,
1/21/2009,7.35,7.61,7.08,7.56,6.948361,16211800,,,
1/22/2009,7.32,7.62,7.15,7.42,6.819688,13691400,,,
1/23/2009,7.21,7.94,7.2,7.71,7.086226,15840400,,,
1/26/2009,7.75,8.2,7.62,7.97,7.325191,14543700,,,
1/27/2009,8.1,8.5,8.07,8.44,7.757165,18132500,,,
1/28/2009,8.74,8.93,8.46,8.79,8.07885,18093800,,,
1/29/2009,8.5,8.6,8.24,8.28,7.610111,10328200,,,
1/30/2009,8.22,8.44,7.85,7.95,7.30681,12669000,,,
2/2/2009,7.83,8.47,7.79,8.38,7.702019,14449800,,,
2/3/2009,8.4,8.55,8.17,8.48,7.793929,9923700,,,
2/4/2009,8.5,9.15,8.5,8.72,8.014512,19480800,,,
2/5/2009,8.49,9.46,8.4,9.36,8.602733,22979800,,,
2/6/2009,9.39,9.93,9.23,9.87,9.07147,28947000,,,
2/9/2009,9.83,9.97,9.47,9.74,8.951989,17903200,,,
2/10/2009,9.73,9.86,9.14,9.32,8.565969,28241600,,,
2/11/2009,8.58,8.89,7.86,8.15,7.490628,49585000,,,
2/12/2009,7.97,8.37,7.86,8.32,7.646876,25600500,,,
2/13/2009,8.13,8.41,8.07,8.31,7.637683,19107600,,,
2/17/2009,8,8.19,7.8,7.83,7.196517,19489400,,,
2/18/2009,7.83,8.3,7.82,8.04,7.389527,16156300,,,
2/19/2009,8.2,8.27,7.42,7.42,6.819688,18599700,,,
2/20/2009,7.32,7.73,7.25,7.61,6.994316,19251400,,,
2/23/2009,7.74,7.78,7.21,7.26,6.672633,16988700,,,
2/24/2009,7.3,7.92,7.29,7.91,7.270045,16488100,,,
2/25/2009,7.89,8.24,7.62,8,7.352763,17559000,,,
2/26/2009,8.28,8.54,8.16,8.26,7.591729,27938900,,,
2/27/2009,8.05,8.47,7.99,8.28,7.610111,18886100,,,
3/2/2009,8.08,8.25,7.55,7.58,6.966744,17501600,,,
3/3/2009,7.72,8.18,7.47,7.88,7.242472,26034300,,,
3/4/2009,8.09,8.7,8.02,8.46,7.775548,27716700,,,
3/5/2009,8.34,8.68,8.22,8.26,7.591729,23881300,,,
3/6/2009,8.26,8.69,8.15,8.39,7.711212,24368900,,,
3/9/2009,8.33,8.96,8.28,8.3,7.628491,17069200,,,
3/10/2009,8.6,9.21,8.52,9.05,8.317815,31370000,,,
3/11/2009,9.05,11.85,8.9,9.3,8.547588,21622900,,,
3/12/2009,9.27,9.95,9.15,9.85,9.053092,40115100,,,
3/13/2009,9.71,9.94,9.55,9.8,9.007137,29878900,,,
3/16/2009,9.9,9.91,9.34,9.42,8.65788,17483600,,,
3/17/2009,9.45,9.91,9.33,9.89,9.089858,25134600,,,
3/18/2009,9.74,10.49,9.73,10.2,9.374774,33989000,,,
3/19/2009,10.27,10.27,10.01,10.08,9.264482,20566200,,,
3/20/2009,10.23,10.24,9.27,9.53,8.758978,27341800,,,
3/23/2009,9.83,10.24,9.61,10.22,9.393156,20401200,,,
3/24/2009,9.97,10.06,9.73,9.78,8.988752,27871700,,,
3/25/2009,10.08,10.4,9.56,9.94,9.135809,31096300,,,
3/26/2009,10.1,10.58,9.99,10.56,9.70565,33341600,,,
3/27/2009,10.45,10.71,10.3,10.46,9.613737,18297300,,,
3/30/2009,10.06,10.19,9.65,9.79,8.997945,19501300,,,
3/31/2009,9.94,10.1,9.79,9.86,9.062279,20131800,,,
4/1/2009,9.74,10.2,9.37,10.11,9.292053,22198000,,,
4/2/2009,10.49,10.77,10.34,10.58,9.72403,25071500,,,
4/3/2009,10.59,11.35,10.41,11.32,10.404161,25080200,,,
4/6/2009,11.13,11.45,10.98,11.35,10.431736,22182200,,,
4/7/2009,11.13,11.25,10.89,10.96,10.07329,15195100,,,
4/8/2009,11.08,11.44,10.99,11.41,10.486877,18291300,,,
4/9/2009,11.7,12.08,11.61,12.04,11.065911,22610300,,,
4/13/2009,11.89,11.9,11.39,11.65,10.707463,19190700,,,
4/14/2009,11.49,12,11.44,11.72,10.771801,17799000,,,
4/15/2009,11.31,11.44,10.91,11.39,10.468496,26134200,,,
4/16/2009,11.6,11.82,11.16,11.68,10.735035,25969300,,,
4/17/2009,11.68,11.87,11.4,11.76,10.808559,17394100,,,
4/20/2009,11.31,11.41,10.99,11.05,10.156005,14766500,,,
4/21/2009,10.9,11.48,10.74,11.02,10.128432,23304600,,,
4/22/2009,10.92,11.81,10.74,11.35,10.431736,22910100,,,
4/23/2009,11.46,11.56,10.82,11.17,10.266294,18848800,,,
4/24/2009,11.28,11.51,11.01,11.43,10.50526,18987700,,,
4/27/2009,11.28,11.6,10.95,11.02,10.128432,19675600,,,
4/28/2009,10.88,11.28,10.78,11.05,10.156005,15859800,,,
4/29/2009,11.1,11.15,10.75,10.88,9.999759,21491700,,,
4/30/2009,11.09,11.8,11,11.48,10.551215,27756900,,,
5/1/2009,11.45,11.94,11.44,11.67,10.725844,21013700,,,
5/4/2009,11.87,12.39,11.71,12.3,11.304873,23192600,,,
5/5/2009,12.03,12.11,11.55,11.8,10.845329,20926900,,,
5/6/2009,11.93,12.04,11.33,11.56,10.624745,23377200,,,
5/7/2009,11.82,11.82,10.58,10.73,9.861895,32229900,,,
5/8/2009,10.5,10.5,9.11,9.25,8.501634,73264100,,,
5/11/2009,9.1,9.66,9.02,9.43,8.667073,25964900,,,
5/12/2009,9.64,9.64,8.8,8.98,8.253477,30034600,,,
5/13/2009,8.92,8.97,8.33,8.4,7.720401,32640200,,,
5/14/2009,8.39,8.7,8.33,8.52,7.830691,25446600,,,
5/15/2009,8.58,9.04,8.48,8.74,8.032894,19507700,,,
5/18/2009,8.96,9.33,8.94,9.27,8.520016,23458000,,,
5/19/2009,9.33,9.56,9.18,9.45,8.685451,21494200,,,
5/20/2009,9.62,10.25,9.58,9.73,8.942801,32735900,,,
5/21/2009,9.61,9.8,9.4,9.67,8.887654,24140000,,,
5/22/2009,9.67,9.96,9.49,9.82,9.025517,17956500,,,
5/26/2009,9.73,10.43,9.63,10.35,9.512638,21638500,,,
5/27/2009,10.3,10.68,10.2,10.37,9.531019,20353800,,,
5/28/2009,10.53,10.6,10.06,10.51,9.659694,24882200,,,
5/29/2009,10.52,10.54,10.07,10.43,9.586165,20855800,,,
6/1/2009,10.55,11,10.51,10.94,10.054901,25569100,,,
6/2/2009,10.94,11.18,10.65,10.85,9.972187,22699600,,,
6/3/2009,10.71,10.75,10.25,10.51,9.659694,18392200,,,
6/4/2009,10.54,10.91,10.53,10.89,10.008948,16829500,,,
6/5/2009,11.09,11.09,10.7,10.83,9.953806,13999800,,,
6/8/2009,10.75,10.92,10.5,10.77,9.898659,11848700,,,
6/9/2009,10.92,11.48,10.84,11.36,10.440922,18125800,,,
6/10/2009,11.42,11.79,11.17,11.72,10.771801,20833000,,,
6/11/2009,11.75,12.2,11.5,11.57,10.633935,20878900,,,
6/12/2009,11.4,11.55,11.14,11.51,10.578789,14875000,,,
6/15/2009,11.3,11.45,11.12,11.32,10.404161,11129100,,,
6/16/2009,11.32,11.46,10.85,11.01,10.119239,14872800,,,
6/17/2009,11.18,11.39,10.75,11.28,10.367397,19975400,,,
6/18/2009,11.24,11.45,10.94,11.06,10.165196,14159400,,,
6/19/2009,11.17,11.46,11.03,11.18,10.275487,18689100,,,
6/22/2009,11.22,11.22,10.51,10.55,9.696457,14371600,,,
6/23/2009,10.65,10.67,10.09,10.5,9.650504,14744100,,,
6/24/2009,10.63,11.1,10.63,10.85,9.972187,12877400,,,
6/25/2009,10.75,11.44,10.64,11.42,10.49607,21761100,,,
6/26/2009,11.37,11.61,11.27,11.57,10.633935,12848900,,,
6/29/2009,11.6,11.78,11.45,11.57,10.633935,12751400,,,
6/30/2009,11.53,11.69,11.08,11.29,10.376588,14746100,,,
7/1/2009,11.36,11.49,11.15,11.34,10.422543,17410500,,,
7/2/2009,10.97,11.11,10.75,10.9,10.018141,13807800,,,
7/6/2009,10.89,10.9,10.37,10.55,9.696457,18811400,,,
7/7/2009,10.59,10.65,10.06,10.09,9.273674,26824900,,,
7/8/2009,10.15,10.18,9.71,10.11,9.292053,30146500,,,
7/9/2009,10.28,10.5,10.25,10.33,9.494254,17864100,,,
7/10/2009,10.33,10.44,10.11,10.37,9.531019,13000200,,,
7/13/2009,10.58,10.58,9.95,10.49,9.641311,13900300,,,
7/14/2009,10.57,10.75,10.45,10.71,9.843518,11314200,,,
7/15/2009,11.1,11.37,11,11.15,10.247915,25570200,,,
7/16/2009,11.27,11.77,11.21,11.73,10.780989,23801900,,,
7/17/2009,11.73,12.11,11.61,12.07,11.093481,21258900,,,
7/20/2009,12.17,12.35,12.01,12.22,11.231348,19568900,,,
7/21/2009,12.19,12.24,11.69,11.97,11.001574,23532400,,,
7/22/2009,11.73,12.38,11.65,12.27,11.277302,15022700,,,
7/23/2009,12.29,13.04,12.16,13,11.948243,26153000,,,
7/24/2009,12.6,13,12.52,12.96,11.91148,16264800,,,
7/27/2009,12.84,13.21,12.72,13.02,11.966622,16937100,,,
7/28/2009,12.93,13.18,12.82,13.04,11.985005,14079500,,,
7/29/2009,12.89,12.97,12.65,12.78,11.746041,9349300,,,
7/30/2009,13,13.17,12.77,12.88,11.837951,11711100,,,
7/31/2009,12.88,13.11,12.58,12.93,11.883906,13539000,,,
8/3/2009,13.24,13.43,12.99,13.28,12.205587,11797500,,,
8/4/2009,13.05,13.6,13.03,13.37,12.288305,17384500,,,
8/5/2009,13.29,13.5,13.13,13.4,12.315878,15269200,,,
8/6/2009,13.45,13.69,13.04,13.12,12.058535,23939700,,,
8/7/2009,13.83,14.23,13.52,13.71,12.600801,35046800,,,
8/10/2009,13.81,14.01,13.18,13.26,12.187205,17332800,,,
8/11/2009,13.17,13.37,12.88,12.95,11.902287,12047100,,,
8/12/2009,12.96,13.57,12.95,13.43,12.343453,15873500,,,
8/13/2009,13.53,13.88,13.29,13.83,12.71109,14100700,,,
8/14/2009,13.81,13.83,13.24,13.42,12.334263,10678700,,,
8/17/2009,13.01,13.05,12.72,12.86,11.819566,11625800,,,
8/18/2009,12.86,13.48,12.85,13.33,12.251543,15905000,,,
8/19/2009,13.13,13.26,13,13.18,12.113678,13824900,,,
8/20/2009,13.12,13.76,13.09,13.7,12.591605,20496000,,,
8/21/2009,13.81,13.95,13.53,13.93,12.803002,15183100,,,
8/24/2009,13.85,14,13.46,13.54,12.444552,11536400,,,
8/25/2009,13.61,13.8,13.38,13.66,12.554846,11102200,,,
8/26/2009,13.63,13.85,13.58,13.82,12.701901,10857700,,,
8/27/2009,13.88,14.07,13.73,14.01,12.876528,13776800,,,
8/28/2009,14.39,15.03,14.37,14.73,13.538278,22099800,,,
8/31/2009,14.56,14.63,14.33,14.52,13.345265,10794900,,,
9/1/2009,14.51,14.92,13.95,14.03,12.894907,18421400,,,
9/2/2009,14.05,14.37,13.97,14.23,13.078731,10116400,,,
9/3/2009,14.23,14.59,14.19,14.57,13.391221,13350500,,,
9/4/2009,14.51,15.21,14.51,15.11,13.887531,12826200,,,
9/8/2009,15.22,15.53,15.1,15.53,14.273552,13742800,,,
9/9/2009,15.5,15.99,15.28,15.96,14.668763,14292100,,,
9/10/2009,16.01,16.49,15.83,16.469999,15.137504,15198800,,,
9/11/2009,16.43,16.49,16.200001,16.32,14.999638,17818300,,,
9/14/2009,16.08,16.209999,15.91,16.049999,14.751479,12262900,,,
9/15/2009,16.200001,16.58,16.049999,16.379999,15.054783,13653400,,,
9/16/2009,16.34,16.370001,15.7,15.94,14.650381,17676600,,,
9/17/2009,15.9,15.9,14.97,15.24,14.007017,23077400,,,
9/18/2009,15.39,15.5,15.1,15.22,13.988632,15118500,,,
9/21/2009,15.04,15.41,14.91,15.15,13.924297,14719400,,,
9/22/2009,15.26,15.35,15.06,15.18,13.951869,9034700,,,
9/23/2009,15.27,15.4,14.92,14.94,13.731287,11973400,,,
9/24/2009,15.19,15.19,14.69,14.74,13.547469,13821900,,,
9/25/2009,14.66,14.73,14.39,14.5,13.326887,9438900,,,
9/28/2009,14.55,15.2,14.55,14.83,13.630188,11692700,,,
9/29/2009,14.92,15.1,14.53,14.56,13.382031,11773200,,,
9/30/2009,14.86,15.21,14.53,15.03,13.814006,21898900,,,
10/1/2009,14.98,14.98,13.95,13.96,12.830572,24999000,,,
10/2/2009,13.82,14.15,13.74,13.85,12.729473,15311900,,,
10/5/2009,14,14.05,13.54,13.78,12.665137,18856900,,,
10/6/2009,13.95,14.25,13.85,14.01,12.876528,19031800,,,
10/7/2009,13.91,14.06,13.75,13.9,12.775429,11490200,,,
10/8/2009,13.98,14.02,13.49,13.99,12.858146,31038100,,,
10/9/2009,13.91,14.19,13.89,14.17,13.023583,15463500,,,
10/12/2009,13.93,14.28,13.92,14.01,12.876528,12475200,,,
10/13/2009,14.09,14.25,13.83,13.96,12.830572,15053100,,,
10/14/2009,14.5,14.5,13.87,13.94,12.812191,27548700,,,
10/15/2009,13.92,14.05,13.44,13.53,12.435361,27304900,,,
10/16/2009,13.36,13.4,12.98,13.22,12.150444,25470800,,,
10/19/2009,13.33,13.81,13.22,13.7,12.591605,17389700,,,
10/20/2009,13.93,14.03,13.6,13.71,12.600801,16504500,,,
10/21/2009,13.66,13.87,13.31,13.38,12.297499,12598900,,,
10/22/2009,13.31,13.54,13.08,13.47,12.380217,9483200,,,
10/23/2009,13.65,13.65,13.07,13.15,12.086108,10738200,,,
10/26/2009,13.25,13.45,12.91,12.98,11.929858,12041300,,,
10/27/2009,12.92,13.11,12.41,12.54,11.525459,14795900,,,
10/28/2009,12.26,12.54,11.96,12.02,11.047529,19340800,,,
10/29/2009,12.21,12.61,12.1,12.55,11.534646,15927500,,,
10/30/2009,12.49,12.54,11.9,11.96,10.992381,15103600,,,
11/2/2009,11.94,12.33,11.73,12.07,11.093481,14828400,,,
11/3/2009,11.68,12.07,11.56,12.01,11.038338,21911800,,,
11/4/2009,12.1,12.23,11.93,11.98,11.010762,22921000,,,
11/5/2009,12.12,12.39,12.08,12.27,11.277302,23878900,,,
11/6/2009,13.04,13.43,12.88,13.16,12.095297,41027800,,,
11/9/2009,13.34,13.65,13.33,13.46,12.371024,20453100,,,
11/10/2009,13.51,13.51,12.96,13.13,12.067725,19536800,,,
11/11/2009,13.35,13.82,13.33,13.5,12.407788,21787800,,,
11/12/2009,13.62,13.85,13.42,13.46,12.371024,12646600,,,
11/13/2009,13.45,13.63,13.39,13.56,12.462934,9713100,,,
11/16/2009,13.68,13.91,13.61,13.75,12.637564,10070500,,,
11/17/2009,13.76,13.76,13.47,13.73,12.619179,8753100,,,
11/18/2009,13.6,13.65,13.29,13.52,12.426175,11387900,,,
11/19/2009,13.23,13.23,12.74,12.98,11.929858,20846000,,,
11/20/2009,12.68,12.96,12.65,12.9,11.856331,10668700,,,
11/23/2009,13.09,13.33,12.94,13,11.948243,9773100,,,
11/24/2009,12.94,13.03,12.71,12.92,11.874716,10462600,,,
11/25/2009,13.07,13.25,12.98,13.07,12.01258,11044000,,,
11/27/2009,12.6,12.94,12.53,12.79,11.755232,6998300,,,
11/30/2009,12.84,13.07,12.7,13.06,12.003388,12745900,,,
12/1/2009,13.13,13.47,13.06,13.32,12.242352,11548400,,,
12/2/2009,13.35,13.75,13.27,13.72,12.609993,15057300,,,
12/3/2009,13.88,14.13,13.81,13.83,12.71109,16500900,,,
12/4/2009,14.09,14.32,13.87,14.26,13.106306,20614100,,,
12/7/2009,15.85,16.450001,15.1,16.09,14.788245,68304600,,,
12/8/2009,15.83,15.9,15.22,15.31,14.071352,26887800,,,
12/9/2009,15.47,15.81,15.32,15.69,14.420605,16789700,,,
12/10/2009,15.8,15.9,15.36,15.41,14.16326,10425300,,,
12/11/2009,15.54,15.56,15.17,15.21,13.979444,10418600,,,
12/14/2009,15.43,15.72,15.26,15.67,14.402224,10137200,,,
12/15/2009,15.56,15.91,15.52,15.65,14.383844,11153800,,,
12/16/2009,16.209999,17.09,16.120001,16.91,15.541902,42085000,,,
12/17/2009,16.959999,17.48,16.58,16.83,15.468379,25403300,,,
12/18/2009,16.969999,17.030001,16.620001,16.82,15.459186,20320700,,,
12/21/2009,16.92,17.49,16.9,17.42,16.010639,10694800,,,
12/22/2009,17.42,18.059999,17.4,17.879999,16.433422,19826100,,,
12/23/2009,18.049999,18.18,17.82,18.129999,16.663198,11054900,,,
12/24/2009,18.18,18.209999,18.02,18.09,16.62644,3420300,,,
12/28/2009,18.059999,18.219999,17.620001,17.799999,16.3599,11644000,,,
12/29/2009,17.74,18.07,17.700001,18.02,16.562099,11896200,,,
12/30/2009,18.190001,18.780001,18.059999,18.67,17.159508,17600200,,,
12/31/2009,18.709999,18.950001,18.66,18.68,17.168709,17508500,,,
1/4/2010,18.51,18.620001,18.110001,18.49,16.994076,20005100,,,
1/5/2010,18.42,18.959999,18.42,18.76,17.242233,18216200,,,
1/6/2010,18.75,18.92,18.57,18.879999,17.352524,16229200,,,
1/7/2010,18.780001,18.860001,18.370001,18.51,17.012453,13694800,,,
1/8/2010,18.360001,18.68,18.25,18.549999,17.049221,11954200,,,
1/11/2010,18.65,18.73,18.030001,18.290001,16.810257,13915300,,,
1/12/2010,18.02,18.09,17.290001,17.67,16.240421,15685800,,,
1/13/2010,17.790001,17.969999,17.1,17.91,16.460999,12721700,,,
1/14/2010,17.690001,17.82,17.33,17.629999,16.203653,15213100,,,
1/15/2010,17.5,17.65,16.879999,17.110001,15.725725,20454800,,,
1/19/2010,16.98,17.540001,16.93,17.43,16.019836,13633200,,,
1/20/2010,17.209999,17.43,16.98,17.360001,15.955493,17993200,,,
1/21/2010,17.35,17.66,16.889999,17.049999,15.670579,15215800,,,
1/22/2010,16.85,17.16,16.360001,16.459999,15.12831,26697900,,,
1/25/2010,16.73,17.059999,16.610001,16.74,15.385659,16091900,,,
1/26/2010,16.66,16.77,16.200001,16.209999,14.898539,17865900,,,
1/27/2010,16.200001,16.709999,16.02,16.65,15.302938,20312600,,,
1/28/2010,16.780001,16.84,15.86,16.09,14.788245,17194100,,,
1/29/2010,16.27,16.450001,15.15,15.39,14.144879,19367500,,,
2/1/2010,15.45,16.6,15.32,16.57,15.229407,23745800,,,
2/2/2010,16.51,16.950001,16.459999,16.74,15.385659,21245300,,,
2/3/2010,16.59,16.950001,16.51,16.879999,15.51433,14057400,,,
2/4/2010,16.73,16.73,15.72,15.9,14.613621,19587000,,,
2/5/2010,15.88,16.26,15.6,16.219999,14.907732,15121400,,,
2/8/2010,16.17,16.58,15.87,16.190001,14.880156,11129000,,,
2/9/2010,16.450001,16.530001,15.9,16.059999,14.760674,23253600,,,
2/10/2010,16.16,16.52,16.049999,16.370001,15.045593,13395700,,,
2/11/2010,16.629999,17.299999,16.51,17.120001,15.734914,17399500,,,
2/12/2010,17,17.700001,16.809999,17.35,15.946305,19505300,,,
2/16/2010,17.58,17.74,17.370001,17.67,16.240421,11425600,,,
2/17/2010,17.889999,17.9,17.33,17.84,16.396666,21914000,,,
2/18/2010,16.860001,16.950001,16.209999,16.67,15.32132,37887700,,,
2/19/2010,16.6,16.780001,16.5,16.58,15.238602,12763700,,,
2/22/2010,16.65,16.9,16.5,16.610001,15.266178,11452100,,,
2/23/2010,16.66,16.73,16.040001,16.209999,14.898539,12244100,,,
2/24/2010,16.35,16.709999,16.299999,16.549999,15.211029,11146700,,,
2/25/2010,16.17,16.440001,15.76,16.4,15.073162,14424300,,,
2/26/2010,16.32,16.440001,16.1,16.200001,14.889347,9834900,,,
3/1/2010,16.209999,16.93,16.08,16.85,15.486755,13896700,,,
3/2/2010,17,17.209999,16.719999,16.84,15.477571,13466200,,,
3/3/2010,16.940001,17.030001,16.49,16.629999,15.284558,9982500,,,
3/4/2010,16.700001,16.83,16.450001,16.66,15.312128,13934900,,,
3/5/2010,16.540001,17.290001,16.540001,17.17,15.780869,15820800,,,
3/8/2010,17.18,17.23,16.85,16.92,15.551096,10982800,,,
3/9/2010,17.09,17.719999,17.08,17.549999,16.130121,20770800,,,
3/10/2010,17.5,17.780001,17.49,17.59,16.166889,10463000,,,
3/11/2010,17.450001,17.51,17.120001,17.190001,15.799255,13516500,,,
3/12/2010,17.379999,17.43,17.16,17.25,15.854397,13008800,,,
3/15/2010,17.23,17.4,17,17.16,15.77168,8972600,,,
3/16/2010,17.15,17.860001,17.139999,17.76,16.323137,16624700,,,
3/17/2010,17.860001,18.34,17.860001,18.1,16.63563,16279200,,,
3/18/2010,18.129999,18.129999,17.299999,17.459999,16.047405,18524100,,,
3/19/2010,17.719999,17.77,17.030001,17.25,15.854397,14615300,,,
3/22/2010,17.030001,17.6,17.030001,17.530001,16.111748,10883400,,,
3/23/2010,17.66,17.98,17.540001,17.889999,16.442625,12340300,,,
3/24/2010,17.74,17.790001,17.26,17.290001,15.891158,10906300,,,
3/25/2010,17.540001,17.65,17.299999,17.34,15.937117,12379600,,,
3/26/2010,17.49,17.67,17.200001,17.34,15.937117,8616900,,,
3/29/2010,17.450001,17.6,17.209999,17.559999,16.139315,9861400,,,
3/30/2010,17.76,17.85,17.33,17.629999,16.203653,8102600,,,
3/31/2010,17.559999,17.639999,17.309999,17.4,15.992263,9746000,,,
4/1/2010,17.48,17.68,17.040001,17.219999,15.826821,8491600,,,
4/5/2010,17.33,17.51,17.309999,17.48,16.065788,10340900,,,
4/6/2010,17.26,17.299999,16.75,17.049999,15.670579,20231500,,,
4/7/2010,16.940001,17.450001,16.799999,17.16,15.77168,20436700,,,
4/8/2010,17.049999,17.18,16.790001,16.879999,15.51433,25940000,,,
4/9/2010,16.84,17.049999,16.75,16.99,15.615433,20439300,,,
4/12/2010,17.01,17.370001,16.98,17.299999,15.900349,13661500,,,
4/13/2010,17.370001,17.719999,17.299999,17.66,16.231226,16217400,,,
4/14/2010,18.040001,18.129999,17.6,17.879999,16.433422,22518000,,,
4/15/2010,17.940001,18.120001,17.76,18.01,16.552912,23939900,,,
4/16/2010,17.280001,17.35,16.68,17.059999,15.679771,47943400,,,
4/19/2010,16.93,17.030001,16.41,16.98,15.606239,27362300,,,
4/20/2010,17.1,17.280001,16.82,17.040001,15.661382,16954700,,,
4/21/2010,17.129999,17.15,16.4,16.6,15.256982,22397700,,,
4/22/2010,16.33,16.719999,16.1,16.67,15.32132,16423300,,,
4/23/2010,16.620001,16.66,16.15,16.440001,15.109933,18822900,,,
4/26/2010,16.459999,16.799999,16.43,16.6,15.256982,12277300,,,
4/27/2010,16.48,16.65,16.08,16.129999,14.82501,15167600,,,
4/28/2010,16.120001,16.389999,15.83,16.16,14.852584,16804100,,,
4/29/2010,16.209999,16.67,15.97,16.65,15.302938,24678200,,,
4/30/2010,16.450001,16.48,15.7,15.71,14.438993,26701200,,,
5/3/2010,15.79,15.88,15.3,15.54,14.282745,26974300,,,
5/4/2010,15.3,15.33,14.53,14.75,13.556661,32784400,,,
5/5/2010,14.45,14.87,14.32,14.5,13.326887,33271000,,,
5/6/2010,14.4,14.7,13.04,14.2,13.051156,25072200,,,
5/7/2010,14.33,14.33,13.46,13.96,12.830572,28842800,,,
5/10/2010,14.8,14.98,14.4,14.56,13.382031,24478900,,,
5/11/2010,14.42,14.69,14.29,14.4,13.234978,20728100,,,
5/12/2010,14.5,14.76,14.41,14.68,13.492322,22530900,,,
5/13/2010,14.62,15.29,14.51,14.65,13.464749,31300000,,,
5/14/2010,13.66,13.7,12.6,12.96,11.91148,62326700,,,
5/17/2010,12.98,13.15,12.58,12.99,11.93905,21401500,,,
5/18/2010,13.1,13.18,12.49,12.56,11.54384,16852800,,,
5/19/2010,12.5,12.78,12.41,12.76,11.727657,20663000,,,
5/20/2010,12.39,12.76,12.01,12.46,11.451931,28228400,,,
5/21/2010,12.1,13.08,12.1,12.73,11.700084,26740000,,,
5/24/2010,12.69,12.84,12.32,12.36,11.360022,16614100,,,
5/25/2010,11.97,12.75,11.85,12.69,11.66332,24166300,,,
5/26/2010,13.2,13.45,12.71,12.75,11.718468,24875700,,,
5/27/2010,13.07,13.5,13.04,13.5,12.407788,17839000,,,
5/28/2010,13.48,13.48,12.94,13.14,12.076913,13627900,,,
6/1/2010,12.96,13.11,12.57,12.58,11.562218,13187300,,,
6/2/2010,12.6,12.74,12.52,12.72,11.690893,16227200,,,
6/3/2010,12.46,12.73,12.42,12.7,11.672516,14659000,,,
6/4/2010,12.33,12.55,12.03,12.1,11.121054,16786400,,,
6/7/2010,12.15,12.23,11.45,11.5,10.569597,14431200,,,
6/8/2010,11.45,11.45,10.89,11.18,10.275487,24190900,,,
6/9/2010,11.24,11.54,10.87,10.91,10.027333,17428800,,,
6/10/2010,11.13,11.4,11.1,11.35,10.431736,15294200,,,
6/11/2010,11.23,11.66,11.2,11.61,10.670696,11052600,,,
6/14/2010,11.78,11.8,11.33,11.36,10.440922,9377000,,,
6/15/2010,11.49,11.98,11.47,11.92,10.955618,13215800,,,
6/16/2010,11.84,11.95,11.61,11.77,10.817755,9162000,,,
6/17/2010,12.18,12.25,11.76,12.22,11.231348,21476700,,,
6/18/2010,12.29,12.45,12.2,12.3,11.304873,23320800,,,
6/21/2010,12.56,12.59,11.9,12.01,11.038338,14495900,,,
6/22/2010,12.16,12.31,11.5,11.56,10.624745,20454100,,,
6/23/2010,11.67,11.81,11.34,11.69,10.744225,15351500,,,
6/24/2010,11.62,11.68,11.07,11.11,10.211151,18125700,,,
6/25/2010,11.19,11.2,10.9,11.08,10.183575,12680500,,,
6/28/2010,11.16,11.26,10.9,11.1,10.201962,9300200,,,
6/29/2010,10.86,10.87,10.41,10.48,9.632121,16520200,,,
6/30/2010,10.5,10.61,10.21,10.21,9.383965,15576800,,,
7/1/2010,10.24,10.45,9.93,10.38,9.540214,18425200,,,
7/2/2010,10.42,10.44,9.9,10.25,9.420732,18427400,,,
7/6/2010,10.21,10.54,10.05,10.14,9.31963,17800500,,,
7/7/2010,10.18,10.69,10.16,10.63,9.769986,15210300,,,
7/8/2010,10.7,10.71,10.18,10.31,9.475876,19581800,,,
7/9/2010,10.36,10.42,10.22,10.35,9.512638,14287900,,,
7/12/2010,10.35,10.67,10.34,10.54,9.687264,14134900,,,
7/13/2010,10.71,10.99,10.65,10.92,10.036523,18082900,,,
7/14/2010,11.4,11.48,10.87,11.03,10.137622,33891600,,,
7/15/2010,11.04,11.05,10.59,10.72,9.852702,23827200,,,
7/16/2010,10.72,10.75,10.01,10.05,9.236911,32215100,,,
7/19/2010,10.19,10.5,10.12,10.46,9.613737,19961000,,,
7/20/2010,10.19,10.78,10.1,10.72,9.852702,29024700,,,
7/21/2010,10.82,10.83,10.27,10.37,9.531019,15623500,,,
7/22/2010,10.48,10.65,10.42,10.54,9.687264,11565300,,,
7/23/2010,10.53,10.54,10.26,10.36,9.521831,20440100,,,
7/26/2010,10.33,10.59,10.17,10.55,9.696457,17088700,,,
7/27/2010,10.58,10.6,10.33,10.46,9.613737,17086800,,,
7/28/2010,10.29,10.47,10.1,10.13,9.310437,33020200,,,
7/29/2010,9.4,9.6,9.07,9.13,8.391341,66611900,,,
7/30/2010,9.06,9.35,8.92,9.19,8.446488,24607200,,,
8/2/2010,9.35,9.39,9.14,9.18,8.437297,22925500,,,
8/3/2010,9.11,9.12,8.87,8.94,8.216711,23886100,,,
8/4/2010,9.02,9.35,8.98,9.32,8.565969,21387400,,,
8/5/2010,9.35,9.46,9.18,9.44,8.676262,20012600,,,
8/6/2010,9.4,9.65,9.32,9.55,8.777362,18497600,,,
8/9/2010,9.65,9.66,9.41,9.64,8.860082,11661400,,,
8/10/2010,9.48,9.5,9.2,9.24,8.492444,19314000,,,
8/11/2010,9.05,9.05,8.85,8.88,8.161569,19903700,,,
8/12/2010,8.72,9.16,8.65,8.96,8.235096,33589600,,,
8/13/2010,9.25,9.52,9.23,9.39,8.630306,44934800,,,
8/16/2010,9.26,9.45,9.03,9.15,8.409722,20350200,,,
8/17/2010,9.24,9.44,9.15,9.27,8.520016,12030600,,,
8/18/2010,9.24,9.4,9.18,9.32,8.565969,8823000,,,
8/19/2010,9.42,9.91,9.37,9.88,9.080662,40377500,,,
8/20/2010,9.81,10.21,9.8,9.97,9.163382,32632700,,,
8/23/2010,10,10.25,9.79,9.82,9.025517,18715500,,,
8/24/2010,9.5,9.82,9.48,9.72,8.933608,16033300,,,
8/25/2010,9.61,10,9.56,9.92,9.117433,18938300,,,
8/26/2010,10.05,10.16,9.8,9.8,9.007137,16439900,,,
8/27/2010,9.86,10.2,9.61,10.12,9.30125,26510400,,,
8/30/2010,10,10.08,9.64,9.64,8.860082,15070100,,,
8/31/2010,9.5,9.8,9.3,9.33,8.57516,23287200,,,
9/1/2010,9.47,9.59,9.35,9.4,8.639498,21286000,,,
9/2/2010,9.43,9.6,9.34,9.57,8.795744,14907300,,,
9/3/2010,9.8,9.93,9.68,9.9,9.099045,14162100,,,
9/7/2010,9.87,10.22,9.85,9.99,9.181764,22495500,,,
9/8/2010,10.01,10.39,9.9,10.32,9.485065,30603900,,,
9/9/2010,10.45,10.46,10.05,10.18,9.356392,17443700,,,
9/10/2010,10.25,10.28,9.98,10.07,9.255291,15232300,,,
9/13/2010,10.25,10.77,10.25,10.64,9.779177,25394800,,,
9/14/2010,10.55,10.68,10.45,10.54,9.687264,17463400,,,
9/15/2010,10.44,10.57,10.3,10.56,9.70565,13889300,,,
9/16/2010,10.42,10.66,10.42,10.57,9.714839,9132000,,,
9/17/2010,10.67,10.68,10.52,10.55,9.696457,10422100,,,
9/20/2010,10.55,10.75,10.45,10.71,9.843518,11079200,,,
9/21/2010,10.65,11.47,10.65,11.29,10.376588,44490600,,,
9/22/2010,11.25,11.49,11.18,11.39,10.468496,24999900,,,
9/23/2010,11.52,11.98,11.42,11.62,10.67989,31021800,,,
9/24/2010,11.88,12.3,11.79,12.26,11.268111,27174400,,,
9/27/2010,12.35,12.36,11.84,12,11.029146,24987600,,,
9/28/2010,12.01,12.14,11.76,11.97,11.001574,18079800,,,
9/29/2010,11.86,12.23,11.75,11.88,10.918855,24372600,,,
9/30/2010,12.03,12.17,11.58,11.68,10.735035,19690800,,,
10/1/2010,11.85,11.87,11.26,11.35,10.431736,24978000,,,
10/4/2010,11.24,11.43,11.01,11.24,10.330632,18737500,,,
10/5/2010,11.48,11.5,11.29,11.32,10.404161,18839700,,,
10/6/2010,11.32,11.37,10.67,10.78,9.907849,26440100,,,
10/7/2010,10.83,10.84,10.38,10.7,9.834322,19037200,,,
10/8/2010,10.66,10.95,10.51,10.86,9.981377,17673300,,,
10/11/2010,10.91,11,10.76,10.81,9.93542,11067000,,,
10/12/2010,10.72,11.07,10.63,11.02,10.128432,15130200,,,
10/13/2010,11.2,11.5,11.08,11.34,10.422543,24218300,,,
10/14/2010,11.35,11.37,11.11,11.16,10.257107,14979300,,,
10/15/2010,11.34,11.47,11.16,11.29,10.376588,15998500,,,
10/18/2010,11.3,11.41,11.1,11.36,10.440922,11203900,,,
10/19/2010,11.11,11.37,11.02,11.29,10.376588,21653400,,,
10/20/2010,11.3,11.6,11.1,11.29,10.376588,19088300,,,
10/21/2010,11.3,11.32,10.92,11.09,10.192769,25360700,,,
10/22/2010,11.16,11.89,11.04,11.8,10.845329,33066900,,,
10/25/2010,11.89,12,11.78,11.91,10.946425,16828400,,,
10/26/2010,11.77,12.05,11.67,11.87,10.909663,16881200,,,
10/27/2010,11.76,12.08,11.73,12.04,11.065911,12419900,,,
10/28/2010,12.2,12.24,11.94,12.05,11.075103,17611200,,,
10/29/2010,12.03,12.15,11.9,12.02,11.047529,13866600,,,
11/1/2010,12.1,12.29,11.94,12.04,11.065911,11848000,,,
11/2/2010,12.09,12.49,12.02,12.29,11.295686,14525900,,,
11/3/2010,12.37,12.46,12.05,12.38,11.378401,16793700,,,
11/4/2010,12.5,12.63,12.38,12.4,11.396784,17500400,,,
11/5/2010,12.49,12.72,12.43,12.61,11.589794,18377900,,,
11/8/2010,12.6,12.77,12.5,12.66,11.635746,15128900,,,
11/9/2010,12.66,12.76,12.52,12.59,11.571413,15849100,,,
11/10/2010,12.68,12.74,12.5,12.74,11.709278,13025400,,,
11/11/2010,12.44,12.82,12.27,12.61,11.589794,27249500,,,
11/12/2010,13.09,13.68,13.03,13.26,12.187205,53564000,,,
11/15/2010,13.32,13.51,13.07,13.1,12.040153,18338700,,,
11/16/2010,12.88,13.06,12.69,12.71,11.681705,18483900,,,
11/17/2010,12.7,13.07,12.58,12.92,11.874716,13794100,,,
11/18/2010,13.09,13.45,13.09,13.32,12.242352,24828000,,,
11/19/2010,13.29,13.8,13.27,13.75,12.637564,17912100,,,
11/22/2010,13.66,13.84,13.54,13.76,12.646754,11566700,,,
11/23/2010,13.6,13.74,13.34,13.44,12.352642,11445800,,,
11/24/2010,13.58,13.82,13.57,13.77,12.655945,9944600,,,
11/26/2010,13.76,13.84,13.6,13.6,12.4997,3577600,,,
11/29/2010,13.54,13.8,13.48,13.75,12.637564,11704800,,,
11/30/2010,13.54,13.68,13.36,13.61,12.508889,18023400,,,
12/1/2010,13.88,14.3,13.86,14.21,13.060345,15663400,,,
12/2/2010,14.21,14.47,14.2,14.38,13.216594,13232900,,,
12/3/2010,14.31,14.79,14.28,14.79,13.593424,15151100,,,
12/6/2010,14.84,14.87,14.45,14.51,13.336076,10960600,,,
12/7/2010,14.85,15.33,14.82,14.98,13.768047,25670300,,,
12/8/2010,14.96,15.27,14.85,15.11,13.887531,15331300,,,
12/9/2010,14.75,14.96,14.54,14.86,13.657758,23560200,,,
12/10/2010,14.86,15.09,14.82,14.95,13.740475,11297500,,,
12/13/2010,15.01,15.04,14.53,14.57,13.391221,15227700,,,
12/14/2010,14.85,15.12,14.57,14.59,13.409603,18879000,,,
12/15/2010,14.62,14.8,14.25,14.27,13.115492,15604400,,,
12/16/2010,14.42,14.5,14.25,14.29,13.133876,15796800,,,
12/17/2010,14.3,14.45,14.13,14.37,13.207402,14828900,,,
12/20/2010,14.42,14.49,14.3,14.31,13.152257,8602200,,,
12/21/2010,14.45,14.87,14.44,14.87,13.66695,11673800,,,
12/22/2010,14.84,15.05,14.7,15.03,13.814006,11949700,,,
12/23/2010,15.03,15.03,14.86,14.92,13.712905,6844600,,,
12/27/2010,14.88,15.11,14.61,15,13.786437,6387500,,,
12/28/2010,15,15.1,14.85,14.94,13.731287,4856500,,,
12/29/2010,14.93,15.05,14.8,14.94,13.731287,4441500,,,
12/30/2010,14.92,15.08,14.87,14.99,13.777242,4362200,,,
12/31/2010,15,15.42,14.98,15.4,14.154068,9781300,,,
1/3/2011,15.52,15.97,15.5,15.82,14.54009,20436200,,,
1/4/2011,15.85,15.92,15.42,15.77,14.494135,16284600,,,
1/5/2011,16.059999,17,15.9,16.98,15.606239,35705400,,,
1/6/2011,17.42,19.34,17.370001,19.33,17.766115,87332800,,,
1/7/2011,19.110001,19.93,18.68,19.870001,18.262426,64499600,,,
1/10/2011,19.51,20.67,19.360001,20.629999,18.960941,43758700,,,
1/11/2011,20.91,21.110001,19.870001,20.309999,18.666828,67777200,,,
1/12/2011,20.32,23.370001,20.25,23.35,21.460878,85797400,,,
1/13/2011,23.1,23.84,22.379999,23.389999,21.497646,67379800,,,
1/14/2011,22.99,23.98,22.85,23.59,21.681469,39883800,,,
1/18/2011,23.27,23.43,22.469999,23.040001,21.175964,45333700,,,
1/19/2011,23.049999,23.6,22.360001,22.41,20.596928,29947400,,,
1/20/2011,22.190001,22.559999,21.790001,22.43,20.615316,27785200,,,
1/21/2011,22.67,22.99,22.18,22.219999,20.422302,18481100,,,
1/24/2011,23.24,25.049999,22.98,24.73,22.729231,51422500,,,
1/25/2011,24.620001,24.879999,23.809999,23.969999,22.030716,27171400,,,
1/26/2011,24.219999,25,24.049999,24.540001,22.554604,26866500,,,
1/27/2011,24.889999,24.950001,24,24.469999,22.490265,16434900,,,
1/28/2011,24.530001,24.940001,23.200001,23.76,21.837709,27369900,,,
1/31/2011,23.799999,24.25,23.41,23.92,21.984762,18754000,,,
2/1/2011,24.129999,24.65,23.969999,24.469999,22.490265,16352600,,,
2/2/2011,24.33,26.17,24.33,25.58,23.510464,40165400,,,
2/3/2011,25.620001,25.620001,24.549999,25.1,23.069292,25769400,,,
2/4/2011,25.450001,25.870001,25.35,25.67,23.593182,21822500,,,
2/7/2011,25.32,25.43,24.51,24.6,22.609747,23355900,,,
2/8/2011,24.629999,24.790001,23.76,23.870001,21.938812,26914600,,,
2/9/2011,23.959999,24.200001,22.860001,23.290001,21.405737,31938000,,,
2/10/2011,22.77,23.209999,22.6,22.82,20.973755,26058800,,,
2/11/2011,22.74,24.209999,22.370001,23.469999,21.571167,33981900,,,
2/14/2011,23.75,24.5,23.02,23.110001,21.240303,32195700,,,
2/15/2011,23.15,23.23,22.450001,22.549999,20.725605,22174500,,,
2/16/2011,22.85,23.709999,22.77,23.379999,21.488449,32959100,,,
2/17/2011,22.719999,26.01,22.610001,25.68,23.602371,86752400,,,
2/18/2011,25.540001,25.950001,25.23,25.629999,23.556417,34860300,,,
2/22/2011,24.790001,24.860001,23.129999,23.209999,21.332205,34916200,,,
2/23/2011,23.209999,23.43,21.780001,22.110001,20.321201,37290100,,,
2/24/2011,22.219999,23.040001,22.059999,22.65,20.817513,31153000,,,
2/25/2011,23.26,23.5,22.940001,23.120001,21.249491,19391300,,,
2/28/2011,23.5,23.51,22.139999,22.66,20.826702,22592400,,,
3/1/2011,22.700001,22.99,21.65,21.65,19.898418,24711200,,,
3/2/2011,21.620001,22.030001,20.25,20.75,19.071232,42953500,,,
3/3/2011,21.23,21.35,20.24,20.870001,19.18152,39842600,,,
3/4/2011,20.889999,21.1,20.530001,20.76,19.080427,23994000,,,
3/7/2011,20.91,20.98,19.950001,20.469999,18.813887,25478500,,,
3/8/2011,20.690001,20.799999,19.120001,19.549999,17.968321,48679600,,,
3/9/2011,19.49,19.68,18.969999,19.139999,17.591488,32974400,,,
3/10/2011,18.700001,18.84,17.9,17.92,16.470192,43068400,,,
3/11/2011,18.07,18.549999,17.66,18.049999,16.58967,37170800,,,
3/14/2011,18.190001,18.65,17.9,18.200001,16.727541,25084000,,,
3/15/2011,17.309999,17.959999,17.01,17.66,16.231226,31407000,,,
3/16/2011,17.5,18.35,17.299999,17.530001,16.111748,36913000,,,
3/17/2011,18,18.030001,17.200001,17.860001,16.415045,30962900,,,
3/18/2011,18.139999,18.200001,17.6,17.620001,16.194456,22174000,,,
3/21/2011,18,18.18,17.58,17.76,16.323137,18795800,,,
3/22/2011,17.709999,17.879999,17.370001,17.450001,16.038212,17958300,,,
3/23/2011,17.42,17.860001,17.040001,17.809999,16.369093,19559900,,,
3/24/2011,18.190001,19.450001,18.15,19.23,17.674198,44514800,,,
3/25/2011,19.4,19.450001,18.6,18.629999,17.122749,29909800,,,
3/28/2011,19.07,19.639999,18.9,19.32,17.756926,30107100,,,
3/29/2011,19.32,19.389999,18.91,19.17,17.619062,17894100,,,
3/30/2011,19.32,19.4,18.209999,18.450001,16.957312,29408000,,,
3/31/2011,18.48,18.68,18.120001,18.459999,16.966497,16377800,,,
4/1/2011,18.700001,18.719999,17.950001,18.200001,16.727541,21251800,,,
4/4/2011,18.200001,18.25,17.42,17.549999,16.130121,23108200,,,
4/5/2011,17.809999,17.950001,17.540001,17.58,16.1577,20526900,,,
4/6/2011,17.709999,17.73,17.309999,17.459999,16.047405,21424600,,,
4/7/2011,17.5,18.209999,17.43,18.1,16.63563,25530200,,,
4/8/2011,18.24,18.24,17.5,17.549999,16.130121,18663800,,,
4/11/2011,17.620001,17.709999,17.129999,17.32,15.918733,13655200,,,
4/12/2011,17.15,17.49,16.83,17.370001,15.964695,21018900,,,
4/13/2011,17.549999,17.870001,17.33,17.76,16.323137,18739700,,,
4/14/2011,17.6,18.52,17.5,18.51,17.012453,31367600,,,
4/15/2011,18.370001,18.940001,18.280001,18.709999,17.19628,24243000,,,
4/18/2011,18.27,18.389999,17.799999,18.09,16.62644,18589600,,,
4/19/2011,18.1,18.17,17.530001,18.02,16.562099,16496500,,,
4/20/2011,18.68,18.950001,18.27,18.57,17.067602,16262900,,,
4/21/2011,18.77,18.889999,18.48,18.52,17.02165,10532500,,,
4/25/2011,18.6,19.120001,18.59,18.809999,17.288183,15490300,,,
4/26/2011,18.969999,19.49,18.780001,19.299999,17.738543,16900000,,,
4/27/2011,19.4,19.4,18.9,19.299999,17.738543,11250100,,,
4/28/2011,19.299999,19.9,19.08,19.51,17.931551,17100000,,,
4/29/2011,19.639999,20.440001,19.610001,20,18.381918,20900000,,,
5/2/2011,20.42,20.43,19.629999,19.73,18.133753,15345600,,,
5/3/2011,19.5,19.559999,18.549999,18.790001,17.269808,20200000,,,
5/4/2011,18.85,19.059999,18.299999,18.65,17.14114,15983900,,,
5/5/2011,18.5,18.879999,18.25,18.66,17.15032,13600000,,,
5/6/2011,19.049999,19.5,18.9,19.32,17.756926,21027000,,,
5/9/2011,19.379999,19.85,19.33,19.75,18.152134,17658200,,,
5/10/2011,19.91,19.93,19.58,19.780001,18.179716,17274400,,,
5/11/2011,19.879999,20.08,19.6,19.870001,18.262426,15400000,,,
5/12/2011,19.799999,20.52,19.75,20.5,18.841463,30600000,,,
5/13/2011,19.200001,19.25,18.120001,18.26,16.782682,50629800,,,
5/16/2011,18.209999,18.25,17.690001,17.700001,16.267982,18204700,,,
5/17/2011,17.639999,17.65,17.120001,17.629999,16.203653,35509100,,,
5/18/2011,17.700001,18.190001,17.639999,18.040001,16.580484,16471100,,,
5/19/2011,18.18,18.190001,17.51,17.780001,16.341516,16272100,,,
5/20/2011,17.74,18.129999,17.66,18.09,16.62644,14395500,,,
5/23/2011,17.83,18.200001,17.6,18.07,16.608053,14700000,,,
5/24/2011,18.16,18.870001,18.110001,18.139999,16.672396,18009300,,,
5/25/2011,18.049999,18.48,17.870001,18.360001,16.874594,13632800,,,
5/26/2011,18.360001,18.98,18.309999,18.82,17.297382,17660900,,,
5/27/2011,18.9,19.530001,18.879999,19.5,17.922361,16470600,,,
5/31/2011,19.879999,20.049999,19.4,20.040001,18.418671,30017900,,,
6/1/2011,19.950001,19.98,19.1,19.139999,17.591488,19055200,,,
6/2/2011,19.17,19.309999,18.82,19.049999,17.508768,15189800,,,
6/3/2011,18.83,19,18.370001,18.459999,16.966497,13732500,,,
6/6/2011,18.43,18.6,18.049999,18.07,16.608053,10899700,,,
6/7/2011,18.209999,18.309999,17.98,18.059999,16.598864,10848900,,,
6/8/2011,17.969999,18.08,17.43,17.57,16.148504,14232200,,,
6/9/2011,17.559999,17.6,16.74,17.370001,15.964695,18540800,,,
6/10/2011,17.4,17.51,16.98,17.120001,15.734914,12338700,,,
6/13/2011,17.120001,17.34,16.879999,17,15.624629,14369000,,,
6/14/2011,17.15,17.52,17.07,17.139999,15.753294,13364400,,,
6/15/2011,16.91,17.01,16.42,16.77,15.41323,23397900,,,
6/16/2011,16.780001,17.040001,15.95,16.190001,14.880156,25622700,,,
6/17/2011,16.379999,16.389999,15.31,15.81,14.530902,36697100,,,
6/20/2011,15.67,16,15.5,15.62,14.356273,18649000,,,
6/21/2011,15.68,16.08,15.53,15.96,14.668763,17606900,,,
6/22/2011,15.85,16.059999,15.71,15.74,14.466562,16293000,,,
6/23/2011,15.54,16.32,15.4,16.209999,14.898539,18600600,,,
6/24/2011,16.129999,16.27,15.64,15.74,14.466562,13226300,,,
6/27/2011,15.74,15.84,14.86,15.41,14.16326,28553800,,,
6/28/2011,15.41,15.68,15.3,15.5,14.245978,17305000,,,
6/29/2011,15.6,15.9,15.06,15.74,14.466562,24013600,,,
6/30/2011,15.78,16.110001,15.54,15.94,14.650381,16307500,,,
7/1/2011,15.94,16.209999,15.62,16.15,14.84339,13520100,,,
7/5/2011,16.129999,16.280001,15.74,15.88,14.595236,13382400,,,
7/6/2011,15.87,15.9,15.48,15.67,14.402224,13239500,,,
7/7/2011,15.75,15.83,15.45,15.73,14.457371,24653400,,,
7/8/2011,15.51,15.62,15.3,15.43,14.181645,15487900,,,
7/11/2011,15.14,15.2,14.85,14.89,13.685334,17859700,,,
7/12/2011,14.82,14.96,14.44,14.69,13.501513,21690100,,,
7/13/2011,14.89,14.99,14.52,14.66,13.473938,15859200,,,
7/14/2011,14.72,14.81,14.01,14.08,12.940867,27224900,,,
7/15/2011,14.16,14.25,13.81,14.1,12.959246,20693400,,,
7/18/2011,13.99,14.07,13.62,13.8,12.683517,20455000,,,
7/19/2011,13.84,14.25,13.84,14.22,13.069536,15055600,,,
7/20/2011,14.27,14.35,14,14.04,12.904101,16573900,,,
7/21/2011,14.06,14.8,13.85,14.7,13.510702,28585500,,,
7/22/2011,14.83,15.05,14.64,15,13.786437,18429800,,,
7/25/2011,14.77,14.83,14.55,14.76,13.565848,14173000,,,
7/26/2011,14.34,14.7,14.19,14.4,13.234978,17456900,,,
7/27/2011,14.2,14.27,13.82,13.86,12.738662,16305300,,,
7/28/2011,13.81,14.12,13.59,13.83,12.71109,16204400,,,
7/29/2011,13.69,13.96,13.62,13.83,12.71109,16941400,,,
8/1/2011,14.15,14.61,14.03,14.57,13.391221,25490500,,,
8/2/2011,14.47,15.38,14.42,14.42,13.25336,33910800,,,
8/3/2011,14.45,14.86,14.31,14.81,13.611802,19130900,,,
8/4/2011,14.54,14.54,13.4,13.4,12.315878,24493300,,,
8/5/2011,13.71,13.88,12.6,12.95,11.902287,31764700,,,
8/8/2011,12.32,12.76,11.85,11.93,10.964809,27104500,,,
8/9/2011,12.16,12.95,12,12.93,11.883906,33245800,,,
8/10/2011,12.55,12.91,12.27,12.34,11.341639,28501300,,,
8/11/2011,12.34,13.59,12.34,13.41,12.325071,26969800,,,
8/12/2011,14.84,14.86,12.67,12.88,11.837951,79894600,,,
8/15/2011,13.01,13.4,12.94,13.37,12.288305,21603800,,,
8/16/2011,13.22,13.4,12.75,12.99,11.93905,17921700,,,
8/17/2011,13.03,13.25,12.64,12.81,11.773611,13833200,,,
8/18/2011,12.23,12.35,11.8,11.94,10.974002,20064100,,,
8/19/2011,11.74,12.39,11.65,11.73,10.780989,19033300,,,
8/22/2011,12.06,12.2,11.81,11.94,10.974002,15296900,,,
8/23/2011,12.23,13.24,12.21,13.23,12.159632,23457800,,,
8/24/2011,13.2,13.24,12.7,13.04,11.985005,17187500,,,
8/25/2011,12.78,13.01,12.46,12.48,11.470312,17274200,,,
8/26/2011,12.43,13.14,12.21,13.01,11.957434,18316500,,,
8/29/2011,13.38,13.41,13.07,13.36,12.279114,15038200,,,
8/30/2011,13.27,13.79,13.18,13.68,12.573227,17119000,,,
8/31/2011,13.78,13.92,13.2,13.31,12.23316,17645200,,,
9/1/2011,13.49,13.78,13.27,13.28,12.205587,19057800,,,
9/2/2011,12.98,13.16,12.82,12.92,11.874716,11783900,,,
9/6/2011,12.5,13.21,12.38,13.18,12.113678,17406200,,,
9/7/2011,14.25,14.64,13.86,14.25,13.09711,40165500,,,
9/8/2011,14.11,14.45,13.95,14.18,13.032774,22004100,,,
9/9/2011,14.06,14.44,13.76,13.88,12.757046,21745700,,,
9/12/2011,13.69,14.33,13.69,14.21,13.060345,22912000,,,
9/13/2011,14.33,14.6,14.11,14.53,13.354456,21345900,,,
9/14/2011,14.91,15.47,14.9,15.28,14.04378,38679800,,,
9/15/2011,15.62,15.7,15.36,15.5,14.245978,18822700,,,
9/16/2011,15.53,16.1,15.38,15.46,14.209217,34789700,,,
9/19/2011,15.2,15.31,14.75,15.14,13.915106,24205100,,,
9/20/2011,15.33,15.39,14.68,14.75,13.556661,19810900,,,
9/21/2011,14.83,15.09,14.46,14.47,13.299312,17881300,,,
9/22/2011,13.9,13.92,13.25,13.51,12.41698,32865800,,,
9/23/2011,13.43,14.18,13.35,13.79,12.674328,25286000,,,
9/26/2011,13.96,14,13.2,13.82,12.701901,24303100,,,
9/27/2011,14.17,14.29,13.73,13.84,12.720284,19534700,,,
9/28/2011,13.87,14.22,13.2,13.42,12.334263,30913300,,,
9/29/2011,13.66,13.89,12.75,13.09,12.030957,21660400,,,
9/30/2011,12.88,12.95,12.49,12.51,11.497884,16944600,,,
10/3/2011,12.35,12.74,11.81,11.81,10.854519,23747400,,,
10/4/2011,11.52,12.9,11.47,12.9,11.856331,34038700,,,
10/5/2011,12.87,13.48,12.61,13.36,12.279114,21417700,,,
10/6/2011,13.43,13.93,13.41,13.89,12.766234,19329800,,,
10/7/2011,13.95,14.36,13.66,14.15,13.005203,20174400,,,
10/10/2011,14.39,14.78,14.36,14.78,13.584229,13359400,,,
10/11/2011,14.66,14.9,14.57,14.62,13.437175,20402000,,,
10/12/2011,14.9,14.91,14.6,14.61,13.427984,15301600,,,
10/13/2011,14.54,15.49,14.5,15.46,14.209217,21370800,,,
10/14/2011,15.73,15.89,15.34,15.72,14.44818,17561300,,,
10/17/2011,15.54,15.54,14.86,14.94,13.731287,15294500,,,
10/18/2011,14.86,15.52,14.77,15.48,14.227601,14772900,,,
10/19/2011,15.5,15.77,15.13,15.17,13.942678,13939200,,,
10/20/2011,14.76,14.82,13.84,14.41,13.244166,24757700,,,
10/21/2011,14.59,14.83,14.24,14.48,13.308499,15710700,,,
10/24/2011,14.54,15.25,14.51,15.02,13.804816,13381400,,,
10/25/2011,14.81,14.93,14.42,14.45,13.280931,14449900,,,
10/26/2011,14.73,14.81,14.2,14.62,13.437175,12577900,,,
10/27/2011,15.16,15.4,14.82,15.25,14.016205,14443300,,,
10/28/2011,15.12,15.74,15.08,15.6,14.33789,12253900,,,
10/31/2011,15.1,15.19,14.8,14.8,13.602614,12999600,,,
11/1/2011,14.26,14.3,13.92,14.06,12.922483,19770600,,,
11/2/2011,14.2,14.27,13.53,13.82,12.701901,24040200,,,
11/3/2011,13.97,14.68,13.6,14.65,13.464749,18734300,,,
11/4/2011,14.52,14.87,14.29,14.82,13.620996,16371000,,,
11/7/2011,14.71,14.96,14.4,14.74,13.547469,15338400,,,
11/8/2011,14.93,15.17,14.69,15.08,13.859962,13743200,,,
11/9/2011,14.73,14.92,14.26,14.32,13.161448,13306100,,,
11/10/2011,14.67,14.82,14.11,14.47,13.299312,24762100,,,
11/11/2011,14.88,15.1,14.07,14.98,13.768047,43789000,,,
11/14/2011,14.98,15.13,14.65,14.69,13.501513,12507300,,,
11/15/2011,14.55,14.99,14.51,14.88,13.676142,12641500,,,
11/16/2011,14.6,14.99,14.53,14.58,13.400414,12810500,,,
11/17/2011,14.55,14.59,13.8,14.06,12.922483,16437600,,,
11/18/2011,14.14,14.14,13.78,13.93,12.803002,12533800,,,
11/21/2011,13.71,14.77,13.5,14.63,13.446367,33269700,,,
11/22/2011,14.79,15.16,14.71,15.08,13.859962,32187000,,,
11/23/2011,14.92,15.03,14.43,14.44,13.271735,20633500,,,
11/25/2011,14.25,14.58,14,14.04,12.904101,10165500,,,
11/28/2011,14.5,15.05,14.5,14.83,13.630188,17265400,,,
11/29/2011,14.81,15.1,14.67,14.91,13.703714,15586000,,,
11/30/2011,15.36,15.67,15.23,15.63,14.365465,18258100,,,
12/1/2011,15.5,15.86,15.43,15.82,14.54009,13244000,,,
12/2/2011,15.99,16.049999,15.57,15.72,14.44818,13661600,,,
12/5/2011,15.98,16,15.35,15.48,14.227601,16117400,,,
12/6/2011,15.57,15.6,15.1,15.26,14.025396,14345800,,,
12/7/2011,15.16,15.28,14.85,15.17,13.942678,12750400,,,
12/8/2011,15.02,15.27,14.64,14.69,13.501513,12287200,,,
12/9/2011,14.58,15.02,14.38,14.9,13.694524,13896000,,,
12/12/2011,14.58,14.64,14.26,14.53,13.354456,14330200,,,
12/13/2011,14.72,14.9,14.04,14.13,12.98682,12914900,,,
12/14/2011,14.01,14.09,13.43,13.58,12.481318,15900500,,,
12/15/2011,13.81,13.9,13.43,13.46,12.371024,10878700,,,
12/16/2011,13.57,13.83,13.45,13.51,12.41698,15477900,,,
12/19/2011,13.57,13.73,13.11,13.16,12.095297,11581900,,,
12/20/2011,13.46,13.95,13.46,13.9,12.775429,11130200,,,
12/21/2011,13.82,13.97,13.45,13.72,12.609993,13710600,,,
12/22/2011,13.76,14.35,13.76,14.31,13.152257,14414000,,,
12/23/2011,14.38,14.4,14.05,14.17,13.023583,6223700,,,
12/27/2011,14.11,14.28,14.02,14.06,12.922483,4892800,,,
12/28/2011,14.06,14.09,13.7,13.71,12.600801,5849000,,,
12/29/2011,13.85,14,13.65,13.97,12.83976,5277800,,,
12/30/2011,13.92,14.07,13.84,13.86,12.738662,4673900,,,
1/3/2012,14.3,14.4,14.01,14.04,12.904101,11701100,,,
1/4/2012,14.05,14.26,13.92,14.2,13.051156,8684300,,,
1/5/2012,14.13,14.78,14.07,14.71,13.519892,14088700,,,
1/6/2012,14.7,14.71,14.37,14.54,13.363647,13331300,,,
1/9/2012,14.55,14.82,14.44,14.54,13.363647,12706100,,,
1/10/2012,14.76,14.77,14.38,14.48,13.308499,13658200,,,
1/11/2012,14.35,14.48,14.13,14.19,13.041965,12106800,,,
1/12/2012,14.22,14.23,13.79,14.1,12.959246,16309100,,,
1/13/2012,14,14.03,13.66,13.73,12.619179,12607500,,,
1/17/2012,13.94,13.94,13.5,13.52,12.426175,15679400,,,
1/18/2012,13.78,14.09,13.71,13.98,12.848957,15816900,,,
1/19/2012,14.1,14.37,13.95,14.35,13.18902,15207800,,,
1/20/2012,14.33,14.5,14.17,14.22,13.069536,13656800,,,
1/23/2012,14.23,14.62,14.05,14.61,13.427984,14069800,,,
1/24/2012,14.51,15,14.5,14.94,13.731287,18273000,,,
1/25/2012,14.54,14.89,14.12,14.85,13.648566,31853800,,,
1/26/2012,15.07,15.24,14.63,14.71,13.519892,19991800,,,
1/27/2012,14.62,14.99,14.5,14.91,13.703714,11249900,,,
1/30/2012,14.65,14.87,14.43,14.8,13.602614,9976900,,,
1/31/2012,14.84,14.85,14.51,14.77,13.575041,8947500,,,
2/1/2012,14.94,15.1,14.73,14.93,13.722095,10700500,,,
2/2/2012,15.01,15.55,14.86,15.49,14.236792,17405900,,,
2/3/2012,15.72,15.95,15.69,15.82,14.54009,12380800,,,
2/6/2012,15.74,15.76,15.56,15.7,14.4298,6971700,,,
2/7/2012,15.72,15.83,15.46,15.74,14.466562,10257400,,,
2/8/2012,15.74,16.620001,15.66,16.309999,14.990445,21190300,,,
2/9/2012,16.51,16.6,16.27,16.299999,14.981256,14048600,,,
2/10/2012,16.139999,16.200001,15.81,15.9,14.613621,11006700,,,
2/13/2012,16.299999,16.360001,15.82,16.15,14.84339,15266700,,,
2/14/2012,16.15,16.379999,16.01,16.24,14.926109,11343900,,,
2/15/2012,16.389999,16.9,16.129999,16.17,14.861774,27771400,,,
2/16/2012,15.06,16.58,15,16.450001,15.119121,47214700,,,
2/17/2012,16.459999,16.57,15.7,15.85,14.567663,25509000,,,
2/21/2012,15.84,16.32,15.81,15.93,14.641191,12954400,,,
2/22/2012,15.85,16.24,15.8,15.82,14.54009,12310800,,,
2/23/2012,15.85,16,15.6,15.91,14.622808,8099200,,,
2/24/2012,15.96,15.98,15.72,15.79,14.51252,9166700,,,
2/27/2012,15.59,15.66,15.25,15.47,14.218406,18631700,,,
2/28/2012,15.47,15.65,15.17,15.33,14.089734,17497100,,,
2/29/2012,15.38,15.64,15.14,15.15,13.924297,17229900,,,
3/1/2012,15.21,15.43,15.15,15.25,14.016205,11248600,,,
3/2/2012,15.2,15.6,15.2,15.38,14.135691,17101900,,,
3/5/2012,15.27,15.3,14.75,14.86,13.657758,12871200,,,
3/6/2012,14.69,14.81,14.46,14.72,13.529085,11785000,,,
3/7/2012,14.8,14.87,14.6,14.81,13.611802,11049600,,,
3/8/2012,14.85,15.01,14.77,14.86,13.657758,10771300,,,
3/9/2012,14.9,15.01,14.74,14.82,13.620996,9195900,,,
3/12/2012,14.88,14.98,14.55,14.59,13.409603,7498700,,,
3/13/2012,14.65,14.87,14.58,14.79,13.593424,13832200,,,
3/14/2012,14.79,14.82,14.32,14.37,13.207402,18392700,,,
3/15/2012,14.41,14.66,14.36,14.58,13.400414,9559500,,,
3/16/2012,14.59,14.66,14.51,14.6,13.418794,10708500,,,
3/19/2012,14.68,14.75,14.57,14.64,13.455559,10135000,,,
3/20/2012,14.56,14.56,14.27,14.4,13.234978,11240400,,,
3/21/2012,14.4,14.59,14.24,14.46,13.29012,11696000,,,
3/22/2012,14.35,14.56,14.31,14.44,13.271735,10634300,,,
3/23/2012,14.4,14.59,14.3,14.55,13.372841,7886400,,,
3/26/2012,14.69,14.79,14.55,14.72,13.529085,7215000,,,
3/27/2012,14.78,15,14.75,14.82,13.620996,10499200,,,
3/28/2012,15.01,15.36,14.9,15.16,13.933488,22311200,,,
3/29/2012,15.14,15.35,14.95,15.23,13.997824,9317500,,,
3/30/2012,15.36,15.49,15.14,15.4,14.154068,13181000,,,
4/2/2012,15.36,15.49,15.11,15.33,14.089734,10194400,,,
4/3/2012,15.44,15.46,15,15.08,13.859962,10761900,,,
4/4/2012,14.85,15.04,14.56,14.65,13.464749,12397400,,,
4/5/2012,14.67,14.85,14.58,14.63,13.446367,9235600,,,
4/9/2012,14.4,14.49,14.16,14.44,13.271735,9137600,,,
4/10/2012,14.38,14.58,14.09,14.16,13.014395,11759000,,,
4/11/2012,14.35,14.65,14.3,14.34,13.179829,9324000,,,
4/12/2012,14.36,14.76,14.3,14.68,13.492322,9621700,,,
4/13/2012,14.55,14.63,14.15,14.16,13.014395,7783100,,,
4/16/2012,14.26,14.3,13.76,13.99,12.858146,11586700,,,
4/17/2012,14.03,14.2,13.97,14.02,12.885719,11517400,,,
4/18/2012,13.93,14,13.7,13.87,12.747854,10019100,,,
4/19/2012,13.69,14.21,13.59,13.66,12.554846,16679700,,,
4/20/2012,13.74,13.78,13.36,13.39,12.306689,12739800,,,
4/23/2012,13.16,13.29,12.91,13.23,12.159632,17656100,,,
4/24/2012,13.27,13.38,12.75,12.82,11.782803,18261000,,,
4/25/2012,13.01,13.18,12.77,13.08,12.021772,18177800,,,
4/26/2012,13.07,13.2,12.98,13.09,12.030957,13480200,,,
4/27/2012,13.07,13.15,12.84,12.98,11.929858,11883900,,,
4/30/2012,12.91,13.07,12.82,13,11.948243,6556700,,,
5/1/2012,12.93,13.37,12.93,13.23,12.159632,10217000,,,
5/2/2012,13.18,13.23,12.78,12.85,11.810378,17100200,,,
5/3/2012,12.88,12.96,12.55,12.63,11.608177,10488400,,,
5/4/2012,12.55,12.62,12.26,12.26,11.268111,13627300,,,
5/7/2012,12.48,12.69,12.37,12.47,11.46112,15111000,,,
5/8/2012,12.36,12.54,12.14,12.46,11.451931,11557800,,,
5/9/2012,12.24,12.61,12.12,12.51,11.497884,13015200,,,
5/10/2012,12.63,12.65,12.22,12.42,11.415167,14927300,,,
5/11/2012,13.45,13.68,13.16,13.21,12.141253,35878500,,,
5/14/2012,13.1,13.33,12.83,13.13,12.067725,10936800,,,
5/15/2012,13.13,13.42,12.94,13,11.948243,14998500,,,
5/16/2012,13.02,13.17,12.7,12.74,11.709278,11762100,,,
5/17/2012,12.79,12.91,12.65,12.65,11.626558,8384100,,,
5/18/2012,12.68,12.74,12.02,12.08,11.102674,14182200,,,
5/21/2012,12.1,12.35,12.02,12.29,11.295686,10406500,,,
5/22/2012,12.28,12.3,11.96,12.14,11.157821,10253500,,,
5/23/2012,12.01,12.46,11.83,12.44,11.433547,12400000,,,
5/24/2012,12.51,12.53,12.02,12.11,11.130245,13010500,,,
5/25/2012,12.1,12.5,12.1,12.4,11.396784,9793800,,,
5/29/2012,12.6,12.8,12.55,12.72,11.690893,7750000,,,
5/30/2012,12.58,12.67,12.35,12.57,11.553031,9494800,,,
5/31/2012,12.57,12.62,12.27,12.43,11.424356,8954800,,,
6/1/2012,12.17,12.29,11.96,11.98,11.010762,11024600,,,
6/4/2012,12.04,12.11,11.63,11.73,10.780989,10821400,,,
6/5/2012,11.67,12.1,11.67,12.07,11.093481,9130600,,,
6/6/2012,12.16,12.42,12.07,12.39,11.387593,9224200,,,
6/7/2012,12.57,12.64,11.88,11.89,10.928047,13169500,,,
6/8/2012,11.93,12.16,11.91,12.12,11.13944,9257700,,,
6/11/2012,12.51,12.73,12.23,12.26,11.268111,20977000,,,
6/12/2012,12.4,12.63,12.38,12.51,11.497884,12403200,,,
6/13/2012,12.5,12.53,12.12,12.18,11.194582,12356900,,,
6/14/2012,12.16,12.26,11.91,12.03,11.056719,14747100,,,
6/15/2012,12.12,12.3,12.01,12.29,11.295686,9632200,,,
6/18/2012,12.2,12.5,12.1,12.4,11.396784,7610600,,,
6/19/2012,12.91,13.43,12.85,13.24,12.168826,24011900,,,
6/20/2012,13.37,13.7,13.29,13.45,12.361835,24318000,,,
6/21/2012,13.44,13.44,12.81,12.84,11.801186,12909400,,,
6/22/2012,13,13.15,12.82,13,11.948243,21634000,,,
6/25/2012,13.01,13.05,12.54,12.59,11.571413,12365400,,,
6/26/2012,12.66,12.82,12.48,12.73,11.700084,10928800,,,
6/27/2012,12.74,13.23,12.74,13.14,12.076913,12651600,,,
6/28/2012,13.02,13.32,12.91,13.24,12.168826,13647400,,,
6/29/2012,13.55,13.85,13.54,13.82,12.701901,15412700,,,
7/2/2012,13.89,13.9,13.34,13.45,12.361835,14542100,,,
7/3/2012,13.45,13.83,13.44,13.8,12.683517,5482100,,,
7/5/2012,13.71,13.77,13.45,13.66,12.554846,7001900,,,
7/6/2012,13.56,13.6,13.25,13.4,12.315878,9569000,,,
7/9/2012,13.32,13.38,13.11,13.22,12.150444,7658400,,,
7/10/2012,13.08,13.47,12.72,12.82,11.782803,12800700,,,
7/11/2012,12.86,13.02,12.55,12.61,11.589794,12130400,,,
7/12/2012,12.47,12.49,12.29,12.4,11.396784,11804000,,,
7/13/2012,12.41,12.62,12.33,12.56,11.54384,8106500,,,
7/16/2012,12.48,12.7,12.36,12.6,11.580606,8361500,,,
7/17/2012,12.64,12.71,12.16,12.37,11.369212,11186900,,,
7/18/2012,12.34,13.24,12.28,13.06,12.003388,15400200,,,
7/19/2012,13.15,13.36,13.06,13.19,12.122873,10075900,,,
7/20/2012,13.11,13.2,12.67,12.81,11.773611,11275000,,,
7/23/2012,12.47,13.07,12.33,12.98,11.929858,11289600,,,
7/24/2012,13,13.08,12.69,12.84,11.801186,8779100,,,
7/25/2012,12.8,13.22,12.74,13.09,12.030957,10376100,,,
7/26/2012,13.33,13.48,13.05,13.15,12.086108,8461000,,,
7/27/2012,13.2,13.52,13.1,13.48,12.389406,9412900,,,
7/30/2012,13.48,13.65,13.22,13.33,12.251543,9088800,,,
7/31/2012,13.33,13.73,13.31,13.54,12.444552,9694700,,,
8/1/2012,13.62,13.75,13.33,13.39,12.306689,8397800,,,
8/2/2012,13.32,13.64,13.1,13.44,12.352642,9197800,,,
8/3/2012,13.65,13.86,13.33,13.72,12.609993,8163700,,,
8/6/2012,13.85,14.08,13.83,14.01,12.876528,9008100,,,
8/7/2012,14.18,14.3,14.07,14.15,13.005203,10183500,,,
8/8/2012,14.14,14.38,14.1,14.23,13.078731,12926600,,,
8/9/2012,14.25,14.74,14.23,14.71,13.519892,20557500,,,
8/10/2012,15.1,15.22,14.43,14.62,13.437175,31968600,,,
8/13/2012,14.64,14.82,14.58,14.81,13.611802,11181100,,,
8/14/2012,14.86,14.88,14.53,14.59,13.409603,9720700,,,
8/15/2012,14.64,14.76,14.41,14.48,13.308499,14860100,,,
8/16/2012,14.61,14.83,14.56,14.78,13.584229,9275200,,,
8/17/2012,14.78,14.78,14.52,14.65,13.464749,7746600,,,
8/20/2012,14.6,14.67,14.43,14.65,13.464749,7859800,,,
8/21/2012,14.7,14.79,14.46,14.61,13.427984,8506200,,,
8/22/2012,14.52,14.7,14.47,14.64,13.455559,7838900,,,
8/23/2012,14.61,14.62,14.25,14.31,13.152257,9476000,,,
8/24/2012,14.31,14.67,14.28,14.6,13.418794,8693100,,,
8/27/2012,14.59,14.63,14.34,14.35,13.18902,8523600,,,
8/28/2012,14.24,14.43,14.21,14.29,13.133876,7769100,,,
8/29/2012,14.28,14.41,14.25,14.32,13.161448,6260300,,,
8/30/2012,14.29,14.34,13.98,14.05,12.913291,7687200,,,
8/31/2012,14.15,14.25,13.89,14.03,12.894907,12126600,,,
9/4/2012,13.8,13.85,13.15,13.28,12.205587,17361300,,,
9/5/2012,13.33,13.52,13.18,13.32,12.242352,12006400,,,
9/6/2012,13.42,14.09,13.41,13.73,12.619179,16432400,,,
9/7/2012,13.38,13.49,12.95,13.4,12.315878,19526600,,,
9/10/2012,13.37,13.56,13.25,13.28,12.205587,9277700,,,
9/11/2012,13.27,13.65,13.22,13.44,12.352642,9570200,,,
9/12/2012,13.55,13.66,13.42,13.59,12.490507,8065200,,,
9/13/2012,13.71,13.76,13.42,13.68,12.573227,10845900,,,
9/14/2012,13.67,14.08,13.67,13.84,12.720284,8486700,,,
9/17/2012,13.87,13.87,13.31,13.46,12.371024,12333700,,,
9/18/2012,13.31,13.71,13.3,13.55,12.453744,8998800,,,
9/19/2012,13.58,13.9,13.42,13.71,12.600801,11298400,,,
9/20/2012,13.68,13.75,13.5,13.61,12.508889,8014900,,,
9/21/2012,13.63,13.75,13.58,13.67,12.56404,8503400,,,
9/24/2012,13.45,13.68,13.43,13.66,12.554846,8945800,,,
9/25/2012,13.84,13.9,13.39,13.41,12.325071,12038600,,,
9/26/2012,13.36,13.37,13.02,13.18,12.113678,10920300,,,
9/27/2012,13.21,13.3,13.1,13.28,12.205587,13972200,,,
9/28/2012,13.22,13.53,13.05,13.34,12.260735,12137700,,,
10/1/2012,13.4,13.48,13.07,13.12,12.058535,12605900,,,
10/2/2012,13.21,13.21,13.02,13.17,12.104486,7387300,,,
10/3/2012,13.2,13.24,12.97,13.04,11.985005,10771800,,,
10/4/2012,13.07,13.7,13,13.62,12.518082,12565200,,,
10/5/2012,13.66,13.8,13.25,13.3,12.22397,12076700,,,
10/8/2012,13.25,13.31,13.07,13.17,12.104486,6014900,,,
10/9/2012,13.15,13.19,12.85,12.89,11.847137,9159000,,,
10/10/2012,12.83,12.89,12.62,12.67,11.64494,8164200,,,
10/11/2012,12.79,12.83,12.64,12.74,11.709278,8012900,,,
10/12/2012,12.65,12.75,12.55,12.63,11.608177,6517400,,,
10/15/2012,12.65,12.8,12.5,12.79,11.755232,6239500,,,
10/16/2012,12.9,13.2,12.78,13.16,12.095297,9192400,,,
10/17/2012,13,13.12,12.87,13.06,12.003388,9793800,,,
10/18/2012,13.03,13.03,12.81,12.86,11.819566,6369300,,,
10/19/2012,12.67,12.76,12.04,12.11,11.130245,17735300,,,
10/22/2012,12.16,12.23,11.87,11.97,11.001574,12021000,,,
10/23/2012,11.86,12.41,11.83,12.33,11.332446,14348700,,,
10/24/2012,12.41,12.46,12.05,12.17,11.185392,8322900,,,
10/25/2012,12.27,12.4,12.13,12.18,11.194582,7683900,,,
10/26/2012,12.2,12.27,12.05,12.05,11.075103,9734400,,,
10/31/2012,12.1,12.2,11.95,11.98,11.010762,8677800,,,
11/1/2012,12.04,12.56,12.03,12.55,11.534646,11830500,,,
11/2/2012,12.68,12.7,12.41,12.49,11.479503,6417500,,,
11/5/2012,12.46,13.07,12.46,13.02,11.966622,11121000,,,
11/6/2012,13.05,13.05,12.79,13.01,11.957434,8770100,,,
11/7/2012,12.91,12.99,12.55,12.61,11.589794,8115500,,,
11/8/2012,12.75,13.08,12.65,12.68,11.654134,20975600,,,
11/9/2012,12.75,12.9,12.15,12.19,11.203775,21157000,,,
11/12/2012,12.21,12.26,11.8,11.92,10.955618,16090600,,,
11/13/2012,11.86,12.13,11.82,11.83,10.872898,12303000,,,
11/14/2012,11.9,12.02,11.53,11.54,10.60636,15482500,,,
11/15/2012,11.61,11.91,11.51,11.59,10.652315,11667200,,,
11/16/2012,11.59,11.63,11.15,11.38,10.459309,15613800,,,
11/19/2012,11.59,11.74,11.45,11.7,10.753421,10102300,,,
11/20/2012,11.58,11.63,11.37,11.49,10.628537,8424400,,,
11/21/2012,11.49,11.85,11.48,11.82,10.933799,10557800,,,
11/23/2012,11.87,12.04,11.81,11.9,11.007796,6923300,,,
11/26/2012,11.92,12.14,11.9,12.11,11.202055,9115000,,,
11/27/2012,12.06,12.34,11.96,12.16,11.248304,11285100,,,
11/28/2012,12.11,12.32,11.96,12.26,11.340807,9958300,,,
11/29/2012,12.28,12.34,12,12.04,11.137302,12217200,,,
11/30/2012,12.03,12.12,11.9,11.97,11.072551,11512600,,,
12/3/2012,12.12,12.12,11.72,11.75,10.869047,9784500,,,
12/4/2012,11.77,12.12,11.7,12.1,11.192803,13201700,,,
12/5/2012,12,12.08,11.79,11.96,11.063301,15825600,,,
12/6/2012,11.93,12.06,11.89,11.98,11.081801,10322400,,,
12/7/2012,11.99,12.05,11.82,11.96,11.063301,8457200,,,
12/10/2012,11.96,12.45,11.93,12.36,11.433312,12841100,,,
12/11/2012,12.4,12.81,12.37,12.65,11.701571,20418100,,,
12/12/2012,12.69,12.76,12.47,12.52,11.581316,9985100,,,
12/13/2012,12.5,12.77,12.41,12.53,11.590565,9438900,,,
12/14/2012,12.58,12.72,12.49,12.59,11.646067,8466500,,,
12/17/2012,12.56,12.63,12.35,12.54,11.599814,11130800,,,
12/18/2012,12.54,12.7,12.5,12.56,11.618318,10410900,,,
12/19/2012,12.65,12.8,12.6,12.65,11.701571,11463600,,,
12/20/2012,12.7,12.71,12.5,12.64,11.69232,8358300,,,
12/21/2012,12.47,12.47,12.21,12.35,11.424062,11554300,,,
12/24/2012,12.34,12.38,12.21,12.25,11.331558,3184400,,,
12/26/2012,12.22,12.42,12.19,12.24,11.322307,4918500,,,
12/27/2012,12.26,12.28,12.02,12.16,11.248304,7495100,,,
12/28/2012,12.05,12.29,12.03,12.1,11.192803,5515000,,,
12/31/2012,12.06,12.31,12.03,12.26,11.340807,8161500,,,
1/2/2013,12.56,12.73,12.51,12.72,11.76632,11970900,,,
1/3/2013,12.72,12.87,12.58,12.73,11.775568,7472200,,,
1/4/2013,12.75,13.19,12.71,13.15,12.16408,13124200,,,
1/7/2013,13.14,13.18,12.68,12.77,11.812573,15268300,,,
1/8/2013,12.8,12.84,12.4,12.49,11.553568,11660600,,,
1/9/2013,12.59,12.65,12.13,12.21,11.294558,17375500,,,
1/10/2013,12.32,12.38,12.16,12.23,11.313059,12659200,,,
1/11/2013,12.28,12.29,12.09,12.21,11.294558,12829300,,,
1/14/2013,12.29,12.29,12.06,12.2,11.285307,7642100,,,
1/15/2013,12.14,12.14,11.91,11.98,11.081801,9397200,,,
1/16/2013,11.96,12.19,11.96,12.09,11.183557,8434400,,,
1/17/2013,12.13,12.3,12.1,12.25,11.331558,14518400,,,
1/18/2013,12.25,12.25,12.02,12.17,11.257558,9927200,,,
1/22/2013,12.16,12.27,12.05,12.11,11.202055,7705600,,,
1/23/2013,12.15,12.16,12,12.13,11.220557,10545200,,,
1/24/2013,12.09,12.24,12.03,12.19,11.276054,9924500,,,
1/25/2013,12.21,12.42,12.15,12.41,11.479561,9848000,,,
1/28/2013,12.47,12.69,12.44,12.61,11.664566,10562300,,,
1/29/2013,12.56,12.59,12.29,12.34,11.41481,9721800,,,
1/30/2013,12.35,12.52,12.28,12.32,11.396311,7189800,,,
1/31/2013,12.32,12.46,12.18,12.26,11.340807,11763600,,,
2/1/2013,12.36,12.41,12.26,12.37,11.442561,7220400,,,
2/4/2013,12.3,12.55,12.15,12.16,11.248304,12793600,,,
2/5/2013,12.22,12.51,12.18,12.44,11.507313,9182400,,,
2/6/2013,12.14,12.44,12.07,12.34,11.41481,13267200,,,
2/7/2013,12.3,12.4,12.17,12.29,11.368556,11000000,,,
2/8/2013,12.37,12.47,12.29,12.37,11.442561,7680800,,,
2/11/2013,12.47,12.64,12.35,12.51,11.572067,10207700,,,
2/12/2013,12.4,12.57,12.38,12.43,11.498062,6945100,,,
2/13/2013,12.44,12.67,12.33,12.37,11.442561,21409900,,,
2/14/2013,12.2,12.74,12.05,12.73,11.775568,22052400,,,
2/15/2013,12.7,12.79,12.45,12.73,11.775568,18346500,,,
2/19/2013,12.74,12.75,12.48,12.56,11.618318,10838800,,,
2/20/2013,12.6,12.8,12.34,12.38,11.451812,17825300,,,
2/21/2013,12.36,12.5,12.26,12.29,11.368556,14510200,,,
2/22/2013,12.37,12.53,12.3,12.52,11.581316,9253700,,,
2/25/2013,12.55,12.65,12.28,12.3,11.37781,16111100,,,
2/26/2013,12.25,12.44,12.21,12.37,11.512758,12187600,,,
2/27/2013,12.37,12.69,12.34,12.6,11.726823,11924500,,,
2/28/2013,12.56,12.85,12.51,12.66,11.782661,14784800,,,
3/1/2013,12.57,12.75,12.46,12.71,11.829197,9734900,,,
3/4/2013,12.62,12.78,12.52,12.66,11.782661,8842000,,,
3/5/2013,12.73,12.82,12.67,12.8,11.912962,9154200,,,
3/6/2013,12.88,13,12.73,12.79,11.903652,8573200,,,
3/7/2013,12.86,12.99,12.69,12.76,11.875732,7870600,,,
3/8/2013,12.79,12.88,12.73,12.82,11.931577,6161600,,,
3/11/2013,12.69,12.75,12.59,12.7,11.819893,7493700,,,
3/12/2013,12.68,12.78,12.56,12.74,11.857121,7771400,,,
3/13/2013,12.74,12.96,12.62,12.74,11.857121,12146000,,,
3/14/2013,12.82,12.86,12.67,12.75,11.866426,9582600,,,
3/15/2013,12.75,12.75,12.59,12.64,11.764051,8894400,,,
3/18/2013,12.56,12.67,12.46,12.55,11.680287,7457800,,,
3/19/2013,12.56,12.62,12.38,12.47,11.60583,8887000,,,
3/20/2013,12.59,12.66,12.48,12.62,11.745435,8514700,,,
3/21/2013,12.55,12.57,12.4,12.42,11.559296,8475800,,,
3/22/2013,12.46,12.53,12.41,12.48,11.615137,5811900,,,
3/25/2013,12.55,12.56,12.32,12.41,11.549987,9051900,,,
3/26/2013,12.44,12.51,12.39,12.5,11.63375,5813500,,,
3/27/2013,12.45,12.72,12.42,12.65,11.773356,6373600,,,
3/28/2013,12.62,12.84,12.53,12.83,11.940884,8731900,,,
4/1/2013,12.8,12.8,12.32,12.41,11.549987,11070700,,,
4/2/2013,12.42,12.45,12.2,12.28,11.428998,9288100,,,
4/3/2013,12.26,12.33,12.04,12.13,11.289392,8828900,,,
4/4/2013,12.09,12.29,12.05,12.25,11.401075,7366900,,,
4/5/2013,12.07,12.46,12.04,12.46,11.596523,13783800,,,
4/8/2013,12.47,12.47,12.2,12.43,11.568604,8166500,,,
4/9/2013,12.44,12.72,12.35,12.63,11.754744,9514600,,,
4/10/2013,12.64,12.85,12.61,12.83,11.940884,9617200,,,
4/11/2013,12.65,12.85,12.3,12.77,11.88504,24230500,,,
4/12/2013,12.83,13.23,12.72,13.09,12.182864,19263700,,,
4/15/2013,13.05,13.09,12.74,12.82,11.931577,10760500,,,
4/16/2013,12.94,13.05,12.87,12.96,12.061872,11721100,,,
4/17/2013,12.86,12.98,12.71,12.79,11.903652,13323700,,,
4/18/2013,12.82,12.9,12.54,12.54,11.670979,10063700,,,
4/19/2013,12.53,12.61,12.37,12.57,11.698903,7575700,,,
4/22/2013,12.56,12.7,12.46,12.59,11.717516,6139200,,,
4/23/2013,12.7,13.05,12.68,12.92,12.024644,9423700,,,
4/24/2013,12.96,13.47,12.95,13.36,12.434155,13913900,,,
4/25/2013,13.43,13.5,13.31,13.47,12.536531,8830600,,,
4/26/2013,13.45,13.47,13.34,13.41,12.480691,8108300,,,
4/29/2013,13.43,13.62,13.37,13.57,12.629601,6742800,,,
4/30/2013,13.6,13.77,13.51,13.77,12.815742,6917800,,,
5/1/2013,13.77,13.86,13.6,13.65,12.704056,8532900,,,
5/2/2013,13.64,13.85,13.56,13.81,12.852971,8087000,,,
5/3/2013,13.9,13.97,13.82,13.87,12.90881,7346600,,,
5/6/2013,13.87,13.95,13.75,13.83,12.871584,5427900,,,
5/7/2013,13.83,13.86,13.52,13.65,12.704056,11201700,,,
5/8/2013,13.67,13.98,13.62,13.9,12.93673,8350800,,,
5/9/2013,13.65,13.97,13.63,13.91,12.946037,14170000,,,
5/10/2013,14.2,14.6,14.2,14.54,13.532378,21528400,,,
5/13/2013,14.44,14.5,14.18,14.24,13.253171,7245300,,,
5/14/2013,14.41,14.57,14.27,14.45,13.448619,11353500,,,
5/15/2013,14.38,14.75,14.38,14.7,13.681291,7829300,,,
5/16/2013,14.68,14.83,14.58,14.63,13.616141,7709200,,,
5/17/2013,14.7,14.97,14.59,14.87,13.839511,7802900,,,
5/20/2013,14.81,14.9,14.76,14.84,13.81159,5909500,,,
5/21/2013,14.85,14.98,14.68,14.92,13.956581,8944600,,,
5/22/2013,14.98,14.98,14.34,14.4,13.470156,12010100,,,
5/23/2013,14.23,14.68,14.19,14.63,13.68531,9847100,,,
5/24/2013,14.55,14.67,14.38,14.54,13.601118,7082600,,,
5/28/2013,14.65,14.69,14.39,14.53,13.591763,6982500,,,
5/29/2013,14.44,14.53,14.38,14.44,13.507575,8376300,,,
5/30/2013,14.42,14.78,14.38,14.63,13.68531,7112600,,,
5/31/2013,14.55,14.76,14.47,14.47,13.535641,14437700,,,
6/3/2013,14.49,14.6,14.15,14.45,13.516932,11111700,,,
6/4/2013,14.54,14.8,14.38,14.47,13.535641,9091900,,,
6/5/2013,14.45,14.56,14.12,14.16,13.24566,11613000,,,
6/6/2013,14.16,14.36,14.15,14.25,13.329844,8526100,,,
6/7/2013,14.35,14.54,14.29,14.45,13.516932,6864600,,,
6/10/2013,14.41,14.53,14.33,14.44,13.507575,5603700,,,
6/11/2013,14.25,14.45,14.17,14.17,13.255013,7408400,,,
6/12/2013,14.24,14.36,13.97,14.05,13.142762,7814700,,,
6/13/2013,14,14.44,13.99,14.37,13.442098,5906400,,,
6/14/2013,14.42,14.44,14.25,14.35,13.423388,5900300,,,
6/17/2013,14.46,14.62,14.38,14.49,13.554344,6383400,,,
6/18/2013,14.56,14.72,14.28,14.4,13.470156,12169300,,,
6/19/2013,14.53,15.48,14.48,14.84,13.881747,28989700,,,
6/20/2013,14.72,14.74,14.34,14.44,13.507575,15717400,,,
6/21/2013,14.52,14.57,14.18,14.42,13.488865,17855700,,,
6/24/2013,14.21,14.39,13.91,14.12,13.208239,14519300,,,
6/25/2013,14.27,14.3,14.07,14.22,13.301783,11434000,,,
6/26/2013,14.38,14.4,14.08,14.14,13.226949,14493800,,,
6/27/2013,14.18,14.2,13.86,14.01,13.10534,20200900,,,
6/28/2013,14.01,14.18,13.83,14.04,13.133407,10788400,,,
7/1/2013,14.14,14.17,14.01,14.1,13.18953,4988100,,,
7/2/2013,14.02,14.3,13.96,14.09,13.180181,6409800,,,
7/3/2013,13.97,14.3,13.97,14.13,13.217593,3509700,,,
7/5/2013,14.17,14.27,14.08,14.24,13.32049,4617100,,,
7/8/2013,14.28,14.35,14.09,14.17,13.255013,6552100,,,
7/9/2013,14.2,14.33,14.16,14.24,13.32049,3934100,,,
7/10/2013,14.24,14.47,14.2,14.43,13.498224,5211700,,,
7/11/2013,14.51,14.65,14.48,14.63,13.68531,5995800,,,
7/12/2013,14.6,14.78,14.55,14.64,13.694664,5409000,,,
7/15/2013,14.67,14.67,14.38,14.61,13.666596,5033300,,,
7/16/2013,14.67,14.77,14.6,14.69,13.741435,4064000,,,
7/17/2013,14.69,14.74,14.57,14.61,13.666596,4152500,,,
7/18/2013,14.59,14.64,14.36,14.55,13.610473,8612200,,,
7/19/2013,14.46,14.53,14.09,14.24,13.32049,12013300,,,
7/22/2013,14.35,14.48,14.17,14.23,13.311136,7309600,,,
7/23/2013,14.41,14.41,14.14,14.21,13.292429,6169800,,,
7/24/2013,14.34,14.38,14.19,14.21,13.292429,7106300,,,
7/25/2013,14.2,14.45,14.1,14.26,13.339197,6083000,,,
7/26/2013,14.09,14.29,14.09,14.2,13.283075,5684000,,,
7/29/2013,14.17,14.35,14.13,14.17,13.255013,4488500,,,
7/30/2013,14.22,14.6,14.21,14.41,13.479514,6651900,,,
7/31/2013,14.34,14.58,14.33,14.44,13.507575,6754000,,,
8/1/2013,14.49,14.67,14.32,14.64,13.694664,6941200,,,
8/2/2013,14.61,14.79,14.51,14.76,13.806914,5240700,,,
8/5/2013,14.72,14.88,14.64,14.83,13.872396,4629700,,,
8/6/2013,14.84,14.87,14.58,14.61,13.666596,5165200,,,
8/7/2013,14.53,14.75,14.52,14.6,13.657246,6109500,,,
8/8/2013,14.68,14.77,14.51,14.7,13.750785,8642400,,,
8/9/2013,14.12,14.71,14.11,14.49,13.554344,22655600,,,
8/12/2013,13.9,14.58,13.11,14.37,13.442098,6439200,,,
8/13/2013,14.39,14.48,14.3,14.42,13.488865,4936700,,,
8/14/2013,14.39,15.12,14.38,15.03,14.059479,20712700,,,
8/15/2013,14.87,15.25,14.81,15.13,14.153022,18090400,,,
8/16/2013,15.1,15.4,15.07,15.19,14.209146,16511400,,,
8/19/2013,15.1,15.15,14.94,14.95,13.984644,9835800,,,
8/20/2013,14.87,15.05,14.85,14.95,14.055155,5854800,,,
8/21/2013,14.86,15.05,14.82,14.88,13.989345,6538500,,,
8/22/2013,14.87,15.1,14.87,14.96,14.064554,3225400,,,
8/23/2013,14.98,15.1,14.93,14.96,14.064554,6128000,,,
8/26/2013,14.97,15.03,14.93,14.99,14.09276,7503800,,,
8/27/2013,14.85,14.95,14.75,14.8,13.914136,6936600,,,
8/28/2013,14.83,14.94,14.74,14.8,13.914136,7970600,,,
8/29/2013,14.75,14.91,14.71,14.77,13.885928,6905400,,,
8/30/2013,14.78,14.82,14.68,14.75,13.867125,9453000,,,
9/3/2013,14.79,14.97,14.67,14.76,13.87653,7117000,,,
9/4/2013,14.76,14.99,14.74,14.9,14.008147,5552000,,,
9/5/2013,14.84,15,14.83,14.94,14.045753,4372600,,,
9/6/2013,14.95,15.03,14.77,14.88,13.989345,5668900,,,
9/9/2013,15,15.13,14.96,15.13,14.224381,6160200,,,
9/10/2013,15.24,15.46,15.17,15.45,14.525229,7303300,,,
9/11/2013,15.43,15.75,15.32,15.71,14.769666,9904100,,,
9/12/2013,15.63,15.9,15.63,15.7,14.760264,7595200,,,
9/13/2013,15.75,15.87,15.64,15.8,14.854279,3992400,,,
9/16/2013,15.93,16.040001,15.75,15.81,14.86368,5785300,,,
9/17/2013,15.87,15.99,15.8,15.86,14.910689,4215200,,,
9/18/2013,15.87,16.040001,15.79,16,15.042307,6704200,,,
9/19/2013,16.07,16.1,15.86,15.93,14.976497,5689300,,,
9/20/2013,15.97,16.07,15.76,15.79,14.844876,8900900,,,
9/23/2013,15.78,15.91,15.55,15.64,14.703856,6781100,,,
9/24/2013,15.65,15.76,15.56,15.7,14.760264,5743300,,,
9/25/2013,15.67,15.84,15.6,15.72,14.779065,5828900,,,
9/26/2013,15.76,15.79,15.58,15.67,14.732057,3720400,,,
9/27/2013,15.55,15.68,15.49,15.58,14.647448,3798000,,,
9/30/2013,15.42,15.67,15.33,15.56,14.628645,5666000,,,
10/1/2013,15.58,15.65,15.46,15.55,14.619243,5674400,,,
10/2/2013,15.39,15.6,15.39,15.54,14.609838,4050900,,,
10/3/2013,15.55,15.69,15.31,15.38,14.45942,10919200,,,
10/4/2013,15.36,15.72,15.32,15.59,14.656848,6155700,,,
10/7/2013,15.53,15.7,15.45,15.59,14.656848,4248800,,,
10/8/2013,15.55,15.77,15.34,15.46,14.534629,7267800,,,
10/9/2013,15.56,15.57,15.14,15.22,14.308993,6896500,,,
10/10/2013,15.33,15.43,15.22,15.39,14.468819,5587100,,,
10/11/2013,15.15,15.34,15.1,15.26,14.346599,5342600,,,
10/14/2013,15.22,15.49,15.22,15.49,14.562836,4165700,,,
10/15/2013,15.49,15.58,15.4,15.41,14.487621,5220500,,,
10/16/2013,15.5,15.66,15.48,15.6,14.666253,5251800,,,
10/17/2013,15.48,15.67,15.48,15.63,14.694455,5333100,,,
10/18/2013,15.6,15.86,15.54,15.81,14.86368,6376700,,,
10/21/2013,16,16.01,15.8,15.85,14.901286,4875200,,,
10/22/2013,15.85,15.86,15.63,15.77,14.826076,4486300,,,
10/23/2013,15.74,15.74,15.45,15.5,14.572232,6305400,,,
10/24/2013,15.54,15.64,15.36,15.39,14.468819,5910900,,,
10/25/2013,15.47,15.48,15.19,15.24,14.327799,8262300,,,
10/28/2013,15.22,15.29,15,15.21,14.299596,9850600,,,
10/29/2013,15.19,15.26,15.05,15.23,14.318396,9698800,,,
10/30/2013,15.28,15.35,15.09,15.22,14.308993,5100800,,,
10/31/2013,15.24,15.35,15.16,15.19,14.280792,7334200,,,
11/1/2013,15.27,15.33,15.15,15.26,14.346599,5153400,,,
11/4/2013,15.31,15.31,14.79,14.82,13.932939,10256600,,,
11/5/2013,14.73,14.87,14.57,14.8,13.914136,10559200,,,
11/6/2013,14.8,14.91,14.65,14.9,14.008147,4951100,,,
11/7/2013,14.85,14.89,14.52,14.55,13.679097,13826900,,,
11/8/2013,15,15.61,14.94,15.56,14.628645,18363300,,,
11/11/2013,15.5,15.73,15.47,15.69,14.750861,7440600,,,
11/12/2013,15.76,15.85,15.54,15.72,14.779065,7900800,,,
11/13/2013,15.68,16.15,15.65,16.15,15.183329,8319800,,,
11/14/2013,16.1,16.32,16.09,16.219999,15.249141,7699500,,,
11/15/2013,16.280001,16.299999,16.01,16.17,15.202129,11258300,,,
11/18/2013,15.82,15.96,15.74,15.78,14.835478,7923700,,,
11/19/2013,15.62,15.76,15.42,15.44,14.594443,5167900,,,
11/20/2013,15.45,15.49,15.18,15.21,14.377036,5119400,,,
11/21/2013,15.23,15.36,15.16,15.33,14.490465,5339200,,,
11/22/2013,15.35,15.35,15.15,15.18,14.348681,3966700,,,
11/25/2013,15.18,15.53,15.18,15.51,14.660604,6205200,,,
11/26/2013,15.68,15.81,15.58,15.64,14.783486,18829400,,,
11/27/2013,15.63,15.75,15.53,15.7,14.840203,4531800,,,
11/29/2013,15.7,15.74,15.5,15.6,14.745682,2924100,,,
12/2/2013,15.54,15.86,15.51,15.75,14.887464,9346800,,,
12/3/2013,15.75,15.96,15.64,15.74,14.878013,7264000,,,
12/4/2013,15.7,15.99,15.66,15.96,15.085963,12329400,,,
12/5/2013,15.99,15.99,15.68,15.7,14.840203,6795300,,,
12/6/2013,15.89,15.89,15.43,15.47,14.622797,7025000,,,
12/9/2013,15.47,15.52,15.18,15.21,14.377036,9630500,,,
12/10/2013,15.21,15.63,15.19,15.56,14.707871,13106700,,,
12/11/2013,15.59,15.61,15.38,15.41,14.566084,10353900,,,
12/12/2013,15.36,15.44,15.08,15.11,14.282512,6468100,,,
12/13/2013,15.14,15.25,15,15.02,14.197442,4614700,,,
12/16/2013,15.03,15.17,15.02,15.04,14.216346,5940500,,,
12/17/2013,15.03,15.15,14.9,15.11,14.282512,6852600,,,
12/18/2013,15.14,15.35,14.95,15.32,14.481012,10655800,,,
12/19/2013,15.3,15.4,15.2,15.38,14.537727,6463600,,,
12/20/2013,15.41,15.7,15.37,15.69,14.830749,9552000,,,
12/23/2013,15.78,15.91,15.65,15.78,14.915819,4214200,,,
12/24/2013,15.87,15.87,15.66,15.82,14.953629,1990000,,,
12/26/2013,15.88,15.93,15.63,15.67,14.811847,4223000,,,
12/27/2013,15.75,15.79,15.66,15.76,14.896914,5274400,,,
12/30/2013,15.77,15.98,15.75,15.97,15.095415,6204500,,,
12/31/2013,16,16.1,15.9,16.02,15.142675,5894400,,,
1/2/2014,15.92,15.98,15.72,15.86,14.991441,6502300,,,
1/3/2014,15.89,15.92,15.62,15.67,14.811847,6483300,,,
1/6/2014,15.83,16,15.68,15.88,15.010341,10237300,,,
1/7/2014,16.040001,16.200001,15.93,16.139999,15.256104,8332200,,,
1/8/2014,16.200001,16.440001,16.139999,16.360001,15.464057,7704800,,,
1/9/2014,16.110001,16.139999,15.7,15.75,14.887464,7304300,,,
1/10/2014,15.8,15.91,15.59,15.73,14.868557,5462300,,,
1/13/2014,15.73,15.83,15.33,15.36,14.518823,6083300,,,
1/14/2014,15.44,15.87,15.37,15.84,14.972534,6045700,,,
1/15/2014,15.91,16.07,15.84,16.01,15.133224,4376100,,,
1/16/2014,16.01,16.09,15.94,16.059999,15.180488,5516300,,,
1/17/2014,16.059999,16.25,15.89,15.99,15.114322,8510000,,,
1/21/2014,16.01,16.15,15.88,16.049999,15.171032,6151900,,,
1/22/2014,16.08,16.1,15.84,16.030001,15.152128,8448500,,,
1/23/2014,15.98,16.15,15.85,15.97,15.095415,4625700,,,
1/24/2014,15.84,15.9,15.56,15.56,14.707871,6167400,,,
1/27/2014,15.56,15.78,15.37,15.46,14.613344,5845300,,,
1/28/2014,15.43,15.62,15.37,15.61,14.755129,4199900,,,
1/29/2014,15.55,15.64,15.45,15.46,14.613344,4073600,,,
1/30/2014,15.55,15.75,15.5,15.72,14.859105,5072400,,,
1/31/2014,15.5,15.79,15.49,15.7,14.840203,8383700,,,
2/3/2014,15.81,15.83,15.43,15.49,14.641703,10793200,,,
2/4/2014,15.48,15.61,15.4,15.58,14.726776,7017300,,,
2/5/2014,15.47,15.52,15.32,15.44,14.594443,5366900,,,
2/6/2014,15.46,15.68,15.44,15.64,14.783486,4209500,,,
2/7/2014,15.68,15.89,15.54,15.87,15.000891,3931200,,,
2/10/2014,15.85,16.129999,15.84,15.92,15.048153,8109300,,,
2/11/2014,16.01,16.290001,15.93,16.25,15.36008,5884600,,,
2/12/2014,16.299999,16.950001,16.299999,16.83,15.908317,18613200,,,
2/13/2014,17.25,17.459999,16.950001,17.360001,16.409294,22570900,,,
2/14/2014,17.200001,17.950001,17.190001,17.91,16.929174,20438400,,,
2/18/2014,17.92,17.98,17.75,17.9,16.919722,10724700,,,
2/19/2014,17.9,18.299999,17.82,18.139999,17.146576,11258500,,,
2/20/2014,18.18,18.82,18.15,18.780001,17.751526,9952200,,,
2/21/2014,18.75,18.99,18.52,18.639999,17.619194,11276300,,,
2/24/2014,18.6,19.049999,18.43,18.91,17.874411,10077800,,,
2/25/2014,18.799999,18.879999,18.540001,18.74,17.793701,6054600,,,
2/26/2014,18.700001,18.98,18.65,18.709999,17.765209,9022100,,,
2/27/2014,18.709999,18.9,18.450001,18.5,17.565819,9721200,,,
2/28/2014,18.4,18.58,18.110001,18.379999,17.451874,8042300,,,
3/3/2014,17.969999,18.290001,17.809999,18.290001,17.366426,9398700,,,
3/4/2014,18.379999,18.6,18.35,18.48,17.546827,6508600,,,
3/5/2014,18.459999,18.65,18.379999,18.639999,17.69875,6036800,,,
3/6/2014,18.67,18.77,18.35,18.379999,17.451874,7253600,,,
3/7/2014,18.459999,18.49,18.219999,18.360001,17.432892,6711300,,,
3/10/2014,18.299999,18.379999,18.01,18.09,17.176519,7522200,,,
3/11/2014,18.18,18.43,18.120001,18.27,17.347441,7430500,,,
3/12/2014,18.18,18.43,18.110001,18.32,17.394913,5985700,,,
3/13/2014,18.360001,18.43,17.65,17.74,16.844202,9629300,,,
3/14/2014,17.559999,17.98,17.559999,17.82,16.920156,11501200,,,
3/17/2014,17.870001,18,17.799999,17.82,16.920156,7491400,,,
3/18/2014,17.889999,18.360001,17.809999,18.24,17.318947,7347600,,,
3/19/2014,18.379999,18.91,18.33,18.559999,17.622793,9154200,,,
3/20/2014,18.459999,18.73,18.379999,18.57,17.63229,4795000,,,
3/21/2014,18.73,18.879999,18.440001,18.540001,17.603804,14152900,,,
3/24/2014,18.549999,18.700001,18.18,18.450001,17.518349,7652400,,,
3/25/2014,18.65,18.67,18.309999,18.450001,17.518349,7610600,,,
3/26/2014,18.620001,18.969999,17.870001,18.030001,17.119555,13943900,,,
3/27/2014,17.99,18.139999,17.59,17.790001,16.891678,13518200,,,
3/28/2014,17.76,18.01,17.709999,17.9,16.996113,9970500,,,
3/31/2014,17.93,18.09,17.809999,17.91,17.005615,6835100,,,
4/1/2014,18.48,18.870001,18.26,18.65,17.708244,16406800,,,
4/2/2014,18.65,18.690001,18.450001,18.530001,17.594305,5998700,,,
4/3/2014,18.57,19.18,18.559999,18.73,17.784201,14988700,,,
4/4/2014,18.83,18.940001,18.07,18.15,17.233494,9200800,,,
4/7/2014,18.16,18.559999,18.059999,18.209999,17.290459,10714400,,,
4/8/2014,18.209999,18.91,18.18,18.860001,17.90764,11767300,,,
4/9/2014,18.950001,19.110001,18.690001,18.84,17.888653,10549200,,,
4/10/2014,18.76,19.02,18.32,18.379999,17.451874,9318700,,,
4/11/2014,18.24,18.52,17.879999,18.120001,17.205008,8827800,,,
4/14/2014,18.24,18.389999,18.120001,18.32,17.394913,7254600,,,
4/15/2014,18.34,18.549999,18.16,18.450001,17.518349,7615900,,,
4/16/2014,18.540001,18.559999,18.26,18.49,17.556324,5878400,,,
4/17/2014,18.42,18.73,18.379999,18.559999,17.622793,3838300,,,
4/21/2014,18.57,18.76,18.450001,18.709999,17.765209,2925100,,,
4/22/2014,18.74,18.99,18.639999,18.870001,17.917139,6378000,,,
4/23/2014,18.9,19.139999,18.870001,19.09,18.126026,6539500,,,
4/24/2014,19.219999,19.459999,19.219999,19.26,18.287441,9787300,,,
4/25/2014,19.219999,19.4,18.690001,18.73,17.784201,7840000,,,
4/28/2014,18.879999,18.98,18.42,18.65,17.708244,5669700,,,
4/29/2014,18.719999,18.76,18.48,18.690001,17.746225,4282500,,,
4/30/2014,18.66,18.68,18.43,18.469999,17.537336,7643500,,,
5/1/2014,18.75,18.790001,18.42,18.57,17.63229,4952600,,,
5/2/2014,18.66,18.66,18.32,18.43,17.499359,3909400,,,
5/5/2014,18.41,18.77,18.389999,18.629999,17.689255,5981500,,,
5/6/2014,18.809999,18.969999,18.200001,18.25,17.328438,10404700,,,
5/7/2014,18.25,18.42,18.07,18.27,17.347441,7347500,,,
5/8/2014,18.200001,18.790001,18.110001,18.5,17.565819,10818200,,,
5/9/2014,17.940001,18.110001,17.709999,18.049999,17.138542,13488300,,,
5/12/2014,18.09,18.620001,18.08,18.58,17.641781,7496400,,,
5/13/2014,18.33,18.629999,18.219999,18.280001,17.356926,5527600,,,
5/14/2014,18.290001,18.360001,18.09,18.1,17.186016,5358000,,,
5/15/2014,18.059999,18.16,17.82,18,17.091066,8147400,,,
5/16/2014,17.860001,18.09,17.860001,17.959999,17.053089,7099000,,,
5/19/2014,18.15,18.639999,18.07,18.540001,17.603804,9001900,,,
5/20/2014,18.459999,18.51,18.15,18.24,17.398718,6405000,,,
5/21/2014,18.309999,18.469999,18.129999,18.24,17.398718,5417800,,,
5/22/2014,18.200001,18.42,18.200001,18.32,17.475027,3259100,,,
5/23/2014,18.42,18.58,18.309999,18.49,17.637184,4566400,,,
5/27/2014,18.6,18.82,18.540001,18.82,17.951962,5242000,,,
5/28/2014,18.889999,19.1,18.709999,18.98,18.104584,5616900,,,
5/29/2014,18.969999,19.129999,18.91,18.950001,18.075972,4297100,,,
5/30/2014,18.950001,19.049999,18.85,19,18.123665,5978200,,,
6/2/2014,19.059999,19.18,18.780001,18.940001,18.066433,4537500,,,
6/3/2014,18.98,19,18.610001,18.860001,17.990116,6080300,,,
6/4/2014,18.809999,19.02,18.799999,18.879999,18.009193,4030900,,,
6/5/2014,18.91,19.02,18.799999,18.959999,18.085508,4717400,,,
6/6/2014,19.049999,19.200001,18.98,19.030001,18.152281,4026300,,,
6/9/2014,19.01,19.23,18.879999,19.049999,18.171354,6186400,,,
6/10/2014,18.98,19.24,18.9,19.15,18.266741,5440200,,,
6/11/2014,19.08,19.450001,19.08,19.4,18.505213,6655700,,,
6/12/2014,19.4,19.610001,19.23,19.52,18.61968,8428700,,,
6/13/2014,19.719999,19.73,19.35,19.540001,18.638758,5696300,,,
6/16/2014,19.450001,19.610001,19.309999,19.48,18.58152,4965500,,,
6/17/2014,19.5,19.690001,19.4,19.610001,18.705526,3940200,,,
6/18/2014,19.559999,19.68,19.379999,19.59,18.686457,5388400,,,
6/19/2014,19.23,19.33,19,19.139999,18.2572,11864800,,,
6/20/2014,19.190001,19.26,18.780001,18.93,18.056887,8828700,,,
6/23/2014,18.68,18.719999,18.459999,18.709999,17.847033,10355000,,,
6/24/2014,18.68,18.83,18.34,18.42,17.570412,6894500,,,
6/25/2014,18.469999,18.620001,18.299999,18.610001,17.75165,5385500,,,
6/26/2014,18.610001,18.620001,18.299999,18.360001,17.513178,6422700,,,
6/27/2014,18.34,18.49,18.23,18.379999,17.532251,7570500,,,
6/30/2014,18.309999,18.59,18.309999,18.540001,17.684881,4512800,,,
7/1/2014,18.52,18.860001,18.459999,18.75,17.885189,8029500,,,
7/2/2014,18.68,18.76,18.57,18.68,17.818424,4482100,,,
7/3/2014,18.51,18.9,18.51,18.85,17.980583,3422300,,,
7/7/2014,18.879999,18.889999,18.67,18.700001,17.837498,3187400,,,
7/8/2014,18.65,18.73,18.370001,18.549999,17.694418,5548500,,,
7/9/2014,18.709999,19.190001,18.57,19.110001,18.228592,9691700,,,
7/10/2014,18.75,19.09,18.6,19.01,18.133204,6657700,,,
7/11/2014,19.030001,19.110001,18.959999,19.049999,18.171354,4779700,,,
7/14/2014,19.129999,19.34,19.059999,19.290001,18.400286,6815900,,,
7/15/2014,19.32,19.42,19.190001,19.370001,18.476601,9886000,,,
7/16/2014,19.450001,19.6,19.24,19.35,18.45752,7993200,,,
7/17/2014,19.129999,19.5,19.129999,19.299999,18.40983,8120800,,,
7/18/2014,18.9,19.049999,18.41,18.440001,17.589497,14195400,,,
7/21/2014,18.370001,18.68,18.370001,18.549999,17.694418,6084100,,,
7/22/2014,18.690001,18.790001,18.43,18.469999,17.618105,7470400,,,
7/23/2014,18.48,18.49,18.059999,18.08,17.246099,7433800,,,
7/24/2014,18.18,18.23,17.98,18.110001,17.274714,6364400,,,
7/25/2014,18.049999,18.09,17.76,17.790001,16.969477,6653300,,,
7/28/2014,17.870001,17.870001,17.42,17.719999,16.902702,8258800,,,
7/29/2014,17.73,18.02,17.719999,17.780001,16.959934,5449300,,,
7/30/2014,17.889999,18.129999,17.84,18.08,17.246099,6154600,,,
7/31/2014,17.860001,18,17.469999,17.5,16.692852,10047000,,,
8/1/2014,17.5,17.790001,17.440001,17.690001,16.874079,5497100,,,
8/4/2014,17.67,17.82,17.559999,17.65,16.835928,6043100,,,
8/5/2014,17.6,17.92,17.450001,17.66,16.845465,7453400,,,
8/6/2014,17.540001,17.860001,17.41,17.639999,16.826391,5586400,,,
8/7/2014,17.790001,17.950001,17.34,17.459999,16.65469,10192400,,,
8/8/2014,18.219999,19.1,18.219999,19,18.123665,22358700,,,
8/11/2014,19.02,19.1,18.85,18.9,18.028275,8615600,,,
8/12/2014,18.889999,19,18.690001,18.9,18.028275,7403800,,,
8/13/2014,18.93,19.17,18.809999,19.01,18.133204,6414900,,,
8/14/2014,19.08,19.08,18.719999,18.799999,17.932886,6399800,,,
8/15/2014,18.860001,19.15,18.68,19.040001,18.161821,9244900,,,
8/18/2014,19.120001,19.32,18.93,19.299999,18.40983,7101900,,,
8/19/2014,19.219999,19.469999,19.15,19.370001,18.558334,6206500,,,
8/20/2014,19.299999,19.389999,19.200001,19.25,18.443361,5536700,,,
8/21/2014,19.200001,19.299999,19.040001,19.07,18.270899,6819900,,,
8/22/2014,19.049999,19.24,18.93,19.08,18.280481,6280600,,,
8/25/2014,19.16,19.290001,19.07,19.110001,18.309227,3834500,,,
8/26/2014,19.16,19.49,19.09,19.450001,18.634979,6740900,,,
8/27/2014,19.33,19.48,19.200001,19.23,18.424192,4574300,,,
8/28/2014,19.190001,19.43,19.129999,19.389999,18.577497,4492600,,,
8/29/2014,19.459999,19.49,19.25,19.450001,18.634979,5198300,,,
9/2/2014,19.5,19.5,19.32,19.5,18.682884,4815900,,,
9/3/2014,19.6,19.75,19.469999,19.68,18.855347,6486400,,,
9/4/2014,19.65,20.15,19.639999,20.030001,19.190674,12295800,,,
9/5/2014,20.01,20.1,19.84,19.969999,19.133184,6344800,,,
9/8/2014,19.950001,19.99,19.709999,19.790001,18.960735,7982200,,,
9/9/2014,19.700001,19.83,19.52,19.540001,18.721207,4964700,,,
9/10/2014,19.65,19.68,19.43,19.610001,18.788271,4309400,,,
9/11/2014,19.469999,19.540001,19.200001,19.41,18.596659,6268000,,,
9/12/2014,19.530001,19.530001,19.1,19.120001,18.318806,6563400,,,
9/15/2014,19.18,19.209999,18.780001,18.860001,18.069696,7353800,,,
9/16/2014,18.809999,19.24,18.75,19.139999,18.337965,5498400,,,
9/17/2014,19.09,19.33,19,19.15,18.347546,4339600,,,
9/18/2014,19.27,19.459999,19.209999,19.440001,18.625397,5490100,,,
9/19/2014,19.5,19.52,19.049999,19.08,18.280481,15032900,,,
9/22/2014,19.469999,19.469999,18.870001,18.889999,18.098442,5536600,,,
9/23/2014,18.790001,19.02,18.719999,18.809999,18.021795,4903600,,,
9/24/2014,18.799999,18.98,18.780001,18.92,18.12719,3989800,,,
9/25/2014,18.9,18.950001,18.469999,18.51,17.734365,7461000,,,
9/26/2014,18.57,18.690001,18.49,18.549999,17.772692,6029700,,,
9/29/2014,18.4,18.65,18.219999,18.52,17.74395,5213500,,,
9/30/2014,18.440001,18.58,18.23,18.450001,17.676884,6930100,,,
10/1/2014,18.48,18.610001,18.219999,18.27,17.504431,8774400,,,
10/2/2014,18.24,18.33,17.77,18.190001,17.42778,7224900,,,
10/3/2014,18.299999,18.549999,18.23,18.23,17.466105,5978500,,,
10/6/2014,18.299999,18.450001,18,18.120001,17.360712,4975800,,,
10/7/2014,18.040001,18.219999,17.91,17.93,17.178671,7547400,,,
10/8/2014,17.91,18.35,17.77,18.26,17.494844,6504300,,,
10/9/2014,18.18,18.200001,17.76,17.91,17.15951,7673900,,,
10/10/2014,17.77,17.83,16.84,16.85,16.143927,17284400,,,
10/13/2014,16.959999,17.299999,16.77,16.790001,16.086439,9940700,,,
10/14/2014,17.02,17.65,16.92,17.18,16.460104,9415500,,,
10/15/2014,16.93,17.530001,16.82,17.440001,16.709206,10110700,,,
10/16/2014,17.129999,17.65,17.09,17.450001,16.718788,8777900,,,
10/17/2014,17.66,17.860001,17.35,17.42,16.690042,7267900,,,
10/20/2014,17.42,17.73,17.299999,17.57,16.833754,5008400,,,
10/21/2014,17.700001,18.34,17.65,18.32,17.552328,8777300,,,
10/22/2014,18.290001,18.35,17.889999,17.889999,17.140348,5987800,,,
10/23/2014,18.200001,18.42,18.07,18.290001,17.523588,5361900,,,
10/24/2014,18.4,18.59,18.290001,18.48,17.705622,5253900,,,
10/27/2014,18.469999,18.559999,18.27,18.49,17.715204,3627300,,,
10/28/2014,18.440001,18.950001,18.42,18.93,18.136765,4814500,,,
10/29/2014,18.85,18.959999,18.639999,18.809999,18.021795,4208500,,,
10/30/2014,18.76,18.84,18.450001,18.690001,17.906826,4256500,,,
10/31/2014,19.120001,19.549999,19.02,19.540001,18.721207,6407900,,,
11/3/2014,19.99,20.059999,19.77,19.870001,19.037378,7718300,,,
11/4/2014,20,20.200001,19.67,20.129999,19.286482,9004900,,,
11/5/2014,20.25,20.26,19.98,20.129999,19.286482,8391300,,,
11/6/2014,20.17,20.25,19.860001,20.219999,19.372707,9852200,,,
11/7/2014,20.450001,20.690001,19.59,19.790001,18.960735,11270000,,,
11/10/2014,19.77,20.15,19.719999,20.02,19.181093,7334700,,,
11/11/2014,19.9,20.01,19.610001,19.780001,18.951153,5324800,,,
11/12/2014,19.709999,19.76,19.379999,19.65,18.826591,5114600,,,
11/13/2014,19.719999,19.75,19.389999,19.549999,18.730787,5633200,,,
11/14/2014,19.57,19.790001,19.379999,19.790001,18.960735,4006200,,,
11/17/2014,19.700001,19.91,19.57,19.700001,18.874506,3968300,,,
11/18/2014,19.709999,20.219999,19.66,20.17,19.324804,5194300,,,
11/19/2014,20.1,20.16,19.799999,20.01,19.252642,6007500,,,
11/20/2014,19.870001,20.360001,19.809999,20.34,19.570154,5524200,,,
11/21/2014,20.52,20.549999,20.280001,20.450001,19.675995,4974400,,,
11/24/2014,20.5,20.67,20.42,20.58,19.801075,3400100,,,
11/25/2014,20.540001,20.719999,20.5,20.57,19.791452,4756000,,,
11/26/2014,20.450001,20.940001,20.440001,20.92,20.128202,5481600,,,
11/28/2014,20.99,21.09,20.799999,20.969999,20.17631,3120800,,,
12/1/2014,20.879999,21,20.549999,20.58,19.801075,4751500,,,
12/2/2014,20.559999,20.700001,20.370001,20.610001,19.829941,6148800,,,
12/3/2014,20.709999,21.15,20.65,21.139999,20.339878,7110600,,,
12/4/2014,21.110001,21.190001,20.809999,20.950001,20.157068,4633300,,,
12/5/2014,20.959999,21.18,20.950001,21.07,20.27253,4142000,,,
12/8/2014,21.040001,21.25,20.629999,20.799999,20.012745,5673600,,,
12/9/2014,20.67,20.780001,20.360001,20.73,19.945393,5986200,,,
12/10/2014,20.67,20.75,20.25,20.27,19.502808,5109100,,,
12/11/2014,20.389999,20.530001,20.219999,20.26,19.493187,3391300,,,
12/12/2014,19.99,20.17,19.610001,19.629999,18.887028,8099100,,,
12/15/2014,19.860001,20.219999,19.51,19.57,18.829296,6367400,,,
12/16/2014,19.549999,19.860001,19.34,19.35,18.617622,4632700,,,
12/17/2014,19.74,20.17,19.1,20.139999,19.377726,8639900,,,
12/18/2014,20.389999,20.629999,20.030001,20.219999,19.454697,5653900,,,
12/19/2014,20.360001,20.5,20.17,20.42,19.647129,8138200,,,
12/22/2014,20.4,20.780001,20.33,20.780001,19.993505,3724400,,,
12/23/2014,20.940001,21.040001,20.629999,20.65,19.868423,2732000,,,
12/24/2014,20.700001,20.73,20.549999,20.57,19.791452,1141100,,,
12/26/2014,20.57,20.700001,20.52,20.59,19.810698,1315900,,,
12/29/2014,20.530001,20.700001,20.43,20.559999,19.78183,2073600,,,
12/30/2014,20.42,20.52,20.34,20.370001,19.59902,2803000,,,
12/31/2014,20.4,20.51,19.99,20.049999,19.29113,4157500,,,
1/2/2015,20.129999,20.280001,19.809999,20.129999,19.368101,2842000,,,
1/5/2015,20.129999,20.190001,19.700001,19.790001,19.040976,4948800,,,
1/6/2015,19.82,19.84,19.17,19.190001,18.463682,4944100,,,
1/7/2015,19.33,19.5,19.08,19.139999,18.415575,8045200,,,
1/8/2015,19.360001,19.98,19.35,19.860001,19.108328,7094500,,,
1/9/2015,19.93,20.09,19.66,19.940001,19.185301,5238500,,,
1/12/2015,19.99,20,19.51,19.690001,18.944759,4768300,,,
1/13/2015,19.84,20.24,19.52,19.66,18.91589,5918000,,,
1/14/2015,19.450001,19.799999,19.4,19.74,18.992863,3881500,,,
1/15/2015,19.879999,20,19.59,19.6,18.858166,4723300,,,
1/16/2015,19.57,19.98,19.51,19.959999,19.204535,4537800,,,
1/20/2015,20.1,20.209999,19.77,20.02,19.262266,3507700,,,
1/21/2015,19.91,20.35,19.77,20.299999,19.531666,3619500,,,
1/22/2015,20.34,20.709999,20.129999,20.65,19.868423,3992800,,,
1/23/2015,20.67,20.75,20.5,20.709999,19.926149,3010400,,,
1/26/2015,20.620001,20.719999,20.49,20.620001,19.839561,3331000,,,
1/27/2015,20.299999,20.32,19.59,19.629999,18.887028,8948700,,,
1/28/2015,19.870001,19.950001,19.299999,19.309999,18.579134,6818200,,,
1/29/2015,19.32,19.889999,19.23,19.780001,19.031353,5883500,,,
1/30/2015,19.639999,19.870001,19.17,19.200001,18.473303,7455000,,,
2/2/2015,19.32,19.700001,18.940001,19.620001,18.877407,6490100,,,
2/3/2015,19.76,20.129999,19.66,20.110001,19.348864,4586700,,,
2/4/2015,20.049999,20.389999,19.99,20.16,19.396975,4537900,,,
2/5/2015,20.18,20.5,20.16,20.49,19.714476,3511200,,,
2/6/2015,20.469999,20.709999,20.309999,20.4,19.627888,5263100,,,
2/9/2015,20.280001,20.440001,20.15,20.379999,19.608644,6848600,,,
2/10/2015,20.4,20.959999,20.309999,20.950001,20.157068,5655100,,,
2/11/2015,21,21,20.67,20.809999,20.022366,8020800,,,
2/12/2015,22,22.5,21.870001,22.299999,21.455975,16922600,,,
2/13/2015,22.25,22.34,21.91,22.309999,21.465593,7752100,,,
2/17/2015,22.27,22.49,22.129999,22.379999,21.532942,5083500,,,
2/18/2015,22.35,22.389999,22.08,22.120001,21.282784,4273700,,,
2/19/2015,22.4,22.440001,22.08,22.18,21.340515,4235800,,,
2/20/2015,22.16,22.35,22,22.34,21.494463,3943800,,,
2/23/2015,22.33,22.33,22.049999,22.16,21.32127,3125200,,,
2/24/2015,22.16,22.309999,21.959999,22.309999,21.548246,3733900,,,
2/25/2015,22.219999,22.32,22.040001,22.139999,21.38405,3095500,,,
2/26/2015,22.16,22.33,22.02,22.200001,21.442005,3821600,,,
2/27/2015,22.139999,22.190001,21.98,22.059999,21.306784,3937300,,,
3/2/2015,22,22.719999,21.969999,22.6,21.828348,7537800,,,
3/3/2015,22.43,22.540001,22.110001,22.18,21.422689,4008600,,,
3/4/2015,22.1,22.48,22.01,22.43,21.66415,5671000,,,
3/5/2015,22.43,22.9,22.370001,22.860001,22.079468,8076400,,,
3/6/2015,22.73,22.84,22.530001,22.549999,21.780054,6434800,,,
3/9/2015,22.559999,22.780001,22.51,22.610001,21.838007,5559700,,,
3/10/2015,22.709999,23.15,22.67,23,22.214684,13180300,,,
3/11/2015,23,23.299999,22.82,22.879999,22.098787,6553000,,,
3/12/2015,22.66,22.83,22.24,22.67,21.895958,10174300,,,
3/13/2015,22.559999,22.76,22.25,22.700001,21.924931,8982200,,,
3/16/2015,22.879999,23.110001,22.73,22.969999,22.185715,5923900,,,
3/17/2015,22.92,23.26,22.76,23.25,22.45615,7497500,,,
3/18/2015,23.25,23.370001,22.66,22.870001,22.089128,10346100,,,
3/19/2015,22.950001,23.299999,22.780001,23.219999,22.427174,7768900,,,
3/20/2015,23.41,23.610001,23.190001,23.469999,22.66864,11552100,,,
3/23/2015,22.77,23.07,22.700001,22.709999,21.934591,10650300,,,
3/24/2015,22.639999,22.799999,22.299999,22.4,21.635174,8262000,,,
3/25/2015,22.389999,22.389999,20.969999,21.040001,20.321611,13563800,,,
3/26/2015,20.610001,21.059999,20.459999,20.969999,20.253998,7798000,,,
3/27/2015,21.09,21.459999,20.75,21.379999,20.650002,7957200,,,
3/30/2015,21.48,21.58,21.200001,21.469999,20.736923,6331300,,,
3/31/2015,21.41,21.43,20.91,20.93,20.215366,8931900,,,
4/1/2015,21.01,21.08,20.65,21.01,20.292633,8269200,,,
4/2/2015,21.129999,21.190001,20.879999,21.059999,20.340923,4805100,,,
4/6/2015,20.969999,21.74,20.75,21.67,20.930099,12896600,,,
4/7/2015,21.67,22.1,21.549999,21.860001,21.113611,10349100,,,
4/8/2015,21.879999,22.1,21.67,22.02,21.268148,9160800,,,
4/9/2015,21.85,22.6,21.84,22.530001,21.760731,9485800,,,
4/10/2015,22.549999,22.77,22.469999,22.76,21.982887,6468200,,,
4/13/2015,22.709999,22.84,22.450001,22.549999,21.780054,5918100,,,
4/14/2015,22.459999,22.549999,22.139999,22.360001,21.596542,5506900,,,
4/15/2015,22.42,22.799999,22.309999,22.629999,21.857323,6089000,,,
4/16/2015,22.5,22.690001,22.33,22.49,21.722095,3882100,,,
4/17/2015,22.02,22.42,22.01,22.200001,21.442005,7340900,,,
4/20/2015,22.299999,22.440001,22.049999,22.09,21.335756,5790600,,,
4/21/2015,22.360001,22.360001,21.950001,22.059999,21.306784,5761400,,,
4/22/2015,22.190001,22.34,21.85,22.309999,21.548246,5185500,,,
4/23/2015,21.9,22.43,21.65,22.219999,21.461323,6484500,,,
4/24/2015,22.209999,22.219999,21.780001,22.030001,21.277803,6024000,,,
4/27/2015,22.1,22.59,21.91,22.200001,21.442005,6211400,,,
4/28/2015,22.16,22.389999,21.950001,22.309999,21.548246,5862100,,,
4/29/2015,22.15,22.370001,22.049999,22.139999,21.38405,4878900,,,
4/30/2015,22.030001,22.309999,21.98,22.200001,21.442005,5471100,,,
5/1/2015,22.379999,22.82,22.280001,22.75,21.973223,6424200,,,
5/4/2015,22.73,22.879999,22.540001,22.610001,21.838007,5018000,,,
5/5/2015,22.530001,22.559999,21.93,22.030001,21.277803,7323200,,,
5/6/2015,22.15,22.360001,21.809999,22.1,21.345417,7912100,,,
5/7/2015,22.01,22.559999,21.940001,22.49,21.722095,13364100,,,
5/8/2015,21.01,21.84,20.49,20.83,20.118786,28663800,,,
5/11/2015,20.540001,20.84,20.379999,20.629999,19.925611,13603600,,,
5/12/2015,20.48,21,20.469999,20.83,20.118786,9720000,,,
5/13/2015,20.98,21.139999,20.75,20.950001,20.234682,7713100,,,
5/14/2015,21.01,21.4,20.959999,21.290001,20.563074,7326300,,,
5/15/2015,21.379999,21.48,21.17,21.299999,20.572733,5395600,,,
5/18/2015,21.25,21.4,21.15,21.27,20.543756,8124300,,,
5/19/2015,21.200001,21.27,21,21.040001,20.41568,6345200,,,
5/20/2015,21.049999,21.299999,21.02,21.040001,20.41568,4920600,,,
5/21/2015,21.049999,21.139999,20.870001,20.889999,20.270126,5992300,,,
5/22/2015,20.940001,21.02,20.809999,20.860001,20.241013,5314800,,,
5/26/2015,20.76,20.9,20.57,20.73,20.114876,6493300,,,
5/27/2015,20.870001,21.940001,20.799999,21.84,21.191938,10808300,,,
5/28/2015,21.84,22.209999,21.799999,22.139999,21.483034,8191400,,,
5/29/2015,22.139999,22.280001,22.1,22.129999,21.473331,8379200,,,
6/1/2015,22.27,22.6,22.129999,22.379999,21.715914,9316500,,,
6/2/2015,22.24,22.360001,21.92,21.940001,21.288969,5607600,,,
6/3/2015,22,22.17,21.66,21.700001,21.056087,6269700,,,
6/4/2015,21.57,22.16,21.57,22.09,21.434519,8092800,,,
6/5/2015,22.02,22.360001,21.790001,22.26,21.599468,7833000,,,
6/8/2015,22.190001,22.34,21.5,21.75,21.104603,8570300,,,
6/9/2015,21.77,22.02,21.73,21.860001,21.21134,6422200,,,
6/10/2015,21.6,21.74,21.35,21.469999,20.832916,13236500,,,
6/11/2015,21.469999,21.85,21.469999,21.700001,21.056087,7076300,,,
6/12/2015,21.559999,21.690001,21.059999,21.110001,20.483595,8093200,,,
6/15/2015,21,21.17,20.84,21.07,20.444786,7663700,,,
6/16/2015,21.030001,21.360001,20.82,21.33,20.697063,6422300,,,
6/17/2015,21.32,21.700001,21.27,21.58,20.939648,5838600,,,
6/18/2015,21.76,22.08,21.700001,21.940001,21.288969,7485100,,,
6/19/2015,21.940001,22.120001,21.67,21.870001,21.221045,8891400,,,
6/22/2015,21.91,22.030001,21.450001,21.780001,21.13372,12855900,,,
6/23/2015,21.82,21.99,21.049999,21.219999,20.590334,10351600,,,
6/24/2015,21.190001,21.299999,20.91,21.01,20.386566,6334200,,,
6/25/2015,21.01,21.299999,21.01,21.17,20.541819,8761500,,,
6/26/2015,21,21.02,20.65,20.74,20.124571,10532400,,,
6/29/2015,20.5,20.709999,20.09,20.120001,19.522972,9793100,,,
6/30/2015,20.24,20.33,19.969999,20.110001,19.513271,7897900,,,
7/1/2015,20.610001,20.9,20.219999,20.4,19.794662,7572300,,,
7/2/2015,20.389999,20.549999,20.290001,20.42,19.81407,3644100,,,
7/6/2015,20.25,20.530001,20.02,20.17,19.571489,5369400,,,
7/7/2015,20.049999,20.129999,19.16,19.790001,19.202766,14856300,,,
7/8/2015,19.68,19.799999,19.49,19.65,19.066919,8312300,,,
7/9/2015,19.959999,20.049999,19.290001,19.41,18.834044,8939700,,,
7/10/2015,19.66,19.93,19.610001,19.75,19.163954,5417700,,,
7/13/2015,19.950001,19.99,19.75,19.879999,19.290092,5311800,,,
7/14/2015,19.91,19.93,19.629999,19.889999,19.299797,6230400,,,
7/15/2015,19.84,19.969999,19.57,19.75,19.163954,6643300,,,
7/16/2015,19.870001,20.190001,19.799999,20.190001,19.590902,7071200,,,
7/17/2015,20.120001,20.139999,19.809999,20.07,19.474457,5509300,,,
7/20/2015,20.07,20.15,19.65,19.700001,19.115438,4710300,,,
7/21/2015,19.66,20.07,19.66,19.790001,19.202766,3743000,,,
7/22/2015,19.65,19.65,19.17,19.41,18.834044,8911800,,,
7/23/2015,19.450001,19.940001,19.41,19.65,19.066919,4247900,,,
7/24/2015,19.790001,19.809999,19.34,19.42,18.843746,4721100,,,
7/27/2015,19.25,19.530001,19.09,19.309999,18.737009,4810500,,,
7/28/2015,19.360001,19.860001,19.16,19.73,19.144547,4957700,,,
7/29/2015,19.690001,20.129999,19.610001,19.969999,19.377422,5817000,,,
7/30/2015,19.92,20.219999,19.92,20.02,19.425941,4754500,,,
7/31/2015,20.1,20.110001,19.83,19.950001,19.358021,5458500,,,
8/3/2015,20.110001,20.309999,19.85,20.290001,19.687935,9928300,,,
8/4/2015,20.219999,20.43,20.139999,20.370001,19.765556,6502500,,,
8/5/2015,20.870001,20.889999,20.540001,20.58,19.969326,5865700,,,
8/6/2015,20.530001,20.68,20.110001,20.450001,19.843184,16391900,,,
8/7/2015,22.459999,23.370001,21.879999,22.98,22.298109,35131200,,,
8/10/2015,22.82,23.950001,22.68,23.780001,23.074369,16557600,,,
8/11/2015,23.43,23.889999,23.43,23.66,22.957932,10875200,,,
8/12/2015,23.280001,23.889999,23.280001,23.719999,23.016151,9601200,,,
8/13/2015,23.75,23.799999,23.459999,23.52,22.822088,6922100,,,
8/14/2015,23.5,23.68,23.360001,23.540001,22.841494,5366300,,,
8/17/2015,23.5,23.5,23.1,23.389999,22.69594,6847000,,,
8/18/2015,23.219999,23.379999,22.9,23.08,22.489368,7177100,,,
8/19/2015,23.049999,23.309999,22.74,22.99,22.401667,6231200,,,
8/20/2015,22.73,22.84,22.049999,22.16,21.592911,10673300,,,
8/21/2015,22,22.370001,21.450001,21.469999,20.920568,9566600,,,
8/24/2015,20.27,21.83,20,20.709999,20.180017,17057100,,,
8/25/2015,21.620001,21.700001,20.280001,20.280001,19.761023,15567100,,,
8/26/2015,20.940001,21.83,20.780001,21.809999,21.251869,15374400,,,
8/27/2015,22.040001,22.639999,21.91,22.629999,22.050882,11594100,,,
8/28/2015,22.629999,22.870001,22.469999,22.73,22.148325,8023600,,,
8/31/2015,22.620001,22.780001,22.389999,22.48,21.904718,5483800,,,
9/1/2015,21.83,22.200001,21.4,21.559999,21.008268,8835200,,,
9/2/2015,22.15,22.219999,21.780001,22.209999,21.641628,8601100,,,
9/3/2015,22.540001,22.65,22.23,22.27,21.7001,6563900,,,
9/4/2015,21.889999,22.24,21.74,21.75,21.193403,7199300,,,
9/8/2015,22.280001,22.77,22.190001,22.68,22.099607,5961200,,,
9/9/2015,22.75,22.940001,22.18,22.23,21.661118,7234800,,,
9/10/2015,22.1,22.860001,22,22.58,22.002163,8926900,,,
9/11/2015,22.33,22.799999,22.24,22.65,22.070372,7539600,,,
9/14/2015,22.76,22.83,22.57,22.690001,22.109348,4811500,,,
9/15/2015,22.700001,23.059999,22.629999,22.940001,22.352951,8199400,,,
9/16/2015,22.9,23.23,22.73,23.1,22.508858,4337700,,,
9/17/2015,23.5,23.709999,23.26,23.309999,22.713478,6717800,,,
9/18/2015,22.99,23.49,22.85,23.290001,22.693998,8160300,,,
9/21/2015,23.32,23.58,23.200001,23.530001,22.927855,7046000,,,
9/22/2015,23.02,23.18,22.77,22.889999,22.304226,5708900,,,
9/23/2015,22.91,23.139999,22.82,23,22.411415,4040800,,,
9/24/2015,22.860001,23.68,22.5,23.440001,22.840157,9561000,,,
9/25/2015,23.73,24.07,23.379999,23.610001,23.005806,9242300,,,
9/28/2015,23.610001,23.76,23.15,23.299999,22.703735,9889600,,,
9/29/2015,23.549999,23.75,23.219999,23.709999,23.103249,9518400,,,
9/30/2015,23.93,24.68,23.790001,24.65,24.019196,13909500,,,
10/1/2015,24.65,24.719999,23.469999,24.17,23.55147,12232400,,,
10/2/2015,24.040001,24.799999,23.790001,24.799999,24.16535,9653600,,,
10/5/2015,24.959999,25.73,24.83,25.42,24.769487,12050600,,,
10/6/2015,25.15,25.860001,25.049999,25.75,25.091042,11330400,,,
10/7/2015,25.809999,26.280001,25.389999,26.02,25.354132,7753800,,,
10/8/2015,25.91,26.24,25.469999,26.17,25.500296,11501700,,,
10/9/2015,26.030001,26.280001,25.58,26.07,25.402851,10581200,,,
10/12/2015,26.1,26.5,25.91,26.35,25.675686,5689700,,,
10/13/2015,26.139999,26.559999,26.049999,26.4,25.724407,7461100,,,
10/14/2015,26.43,27.790001,26.4,27.360001,26.659836,15303700,,,
10/15/2015,27.41,27.99,27.129999,27.43,26.728048,13151200,,,
10/16/2015,27.52,28.120001,27.450001,27.860001,27.147043,11209900,,,
10/19/2015,27.950001,28.08,27.49,27.809999,27.09832,7367800,,,
10/20/2015,27.690001,27.9,27.48,27.77,27.059349,6620600,,,
10/21/2015,27.940001,28.110001,27.360001,27.41,26.708559,9657000,,,
10/22/2015,27.73,28.49,27.690001,28.4,27.673229,7672100,,,
10/23/2015,28.65,28.780001,28.219999,28.59,27.858364,9544400,,,
10/26/2015,28.610001,28.68,28.200001,28.459999,27.731689,6185900,,,
10/27/2015,28.32,28.620001,28.299999,28.440001,27.712204,5206700,,,
10/28/2015,28.620001,28.67,28.200001,28.67,27.93631,5425900,,,
10/29/2015,28.209999,28.5,27.629999,27.68,26.971647,8179200,,,
10/30/2015,27.98,28.57,27.77,28.370001,27.643993,7529000,,,
11/2/2015,28.459999,28.73,28.290001,28.700001,27.965546,4752200,,,
11/3/2015,28.530001,28.690001,28.18,28.5,27.770666,9419200,,,
11/4/2015,28.42,28.629999,27.9,28.030001,27.312693,11056600,,,
11/5/2015,28.17,28.25,27.629999,27.709999,27.000885,11970000,$1.31B,same,81.1
11/6/2015,30.450001,31.940001,29.82,31.549999,30.742611,29306800,$1.31B,same,81.1
11/9/2015,31.24,31.5,30.969999,31.41,30.606199,12314200,$1.31B,same,81.1
11/10/2015,31,31.17,30.15,30.809999,30.021553,13806500,$1.31B,same,81.1
11/11/2015,30.83,31.049999,30.4,30.51,29.729231,15497400,$1.31B,same,81.1
11/12/2015,30.440001,30.719999,30.27,30.4,29.622042,7277000,$1.31B,same,81.1
11/13/2015,30.43,30.559999,29.65,29.799999,29.037397,7323500,$1.31B,same,81.1
11/16/2015,30.190001,30.42,29.950001,30.4,29.622042,8607000,$1.31B,same,81.1
11/17/2015,30.48,30.66,30.27,30.4,29.622042,6426200,$1.31B,same,81.1
11/18/2015,30.41,31.07,30.08,31.030001,30.350733,8755400,$1.31B,same,81.1
11/19/2015,31.139999,31.43,30.889999,31.120001,30.438759,6351800,$1.31B,same,81.1
11/20/2015,31.35,31.57,31.16,31.389999,30.70285,5993600,$1.31B,same,81.1
11/23/2015,31.65,31.65,30.809999,30.92,30.243141,6063800,$1.31B,same,81.1
11/24/2015,30.92,31.440001,30.780001,31.17,30.487673,4885700,$1.31B,same,81.1
11/25/2015,31.110001,31.48,31.02,31.129999,30.448544,3457500,$1.31B,same,81.1
11/27/2015,31.190001,31.49,31.030001,31.389999,30.70285,2174900,$1.31B,same,81.1
11/30/2015,31.42,31.860001,31.389999,31.719999,31.025627,8181100,$1.31B,same,81.1
12/1/2015,32,32.779999,31.969999,32.75,32.033081,10237400,$1.31B,same,81.1
12/2/2015,32.799999,33.139999,32.43,32.5,31.788557,7356000,$1.31B,same,81.1
12/3/2015,32.759998,33.099998,32.27,32.43,31.720097,6166400,$1.31B,same,81.1
12/4/2015,32.43,33.810001,32.43,33.75,33.011192,11468900,$1.31B,same,81.1
12/7/2015,33.740002,33.740002,33.009998,33.110001,32.385204,8339700,$1.31B,same,81.1
12/8/2015,32.700001,33.700001,32.490002,33.560001,32.825348,7862200,$1.31B,same,81.1
12/9/2015,33.549999,33.75,32.369999,32.709999,31.993954,9316900,$1.31B,same,81.1
12/10/2015,32.810001,33.16,32.700001,32.98,32.258053,5914900,$1.31B,same,81.1
12/11/2015,32.650002,32.880001,32.419998,32.490002,31.778778,5683000,$1.31B,same,81.1
12/14/2015,32.52,32.75,32.18,32.57,31.857025,6897300,$1.31B,same,81.1
12/15/2015,32.939999,33.200001,32.759998,32.970001,32.248272,7682400,$1.31B,same,81.1
12/16/2015,33.040001,33.279999,32.75,33.169998,32.443882,5908900,$1.31B,same,81.1
12/17/2015,33.220001,33.560001,32.650002,32.669998,31.954834,6354000,$1.31B,same,81.1
12/18/2015,32.439999,32.77,32.099998,32.139999,31.436434,9897400,$1.31B,same,81.1
12/21/2015,32.490002,32.93,32.200001,32.900002,32.179794,7105400,$1.31B,same,81.1
12/22/2015,33,33.259998,32.73,32.93,32.209152,3250300,$1.31B,same,81.1
12/23/2015,32.98,33.189999,32.919998,33.060001,32.3363,3063100,$1.31B,same,81.1
12/24/2015,32.959999,33.25,32.91,33.169998,32.443882,1311200,$1.31B,same,81.1
12/28/2015,32.82,33.139999,32.360001,33.139999,32.414547,3550600,$1.31B,same,81.1
12/29/2015,33.16,33.779999,33.07,33.68,32.942734,5091500,$1.31B,same,81.1
12/30/2015,33.650002,33.939999,33.380001,33.389999,32.659077,4508600,$1.31B,same,81.1
12/31/2015,33.34,33.490002,32.959999,32.959999,32.23848,3713200,$1.31B,same,81.1
1/4/2016,32.290001,32.580002,32.040001,32.369999,31.661398,8951900,$1.31B,same,81.1
1/5/2016,32.98,33.439999,32.5,32.889999,32.170021,12256800,$1.31B,same,81.1
1/6/2016,32.349998,32.5,31.16,31.530001,30.839788,11233600,$1.31B,same,81.1
1/7/2016,30.74,30.950001,29.879999,30.280001,29.617151,16132600,$1.31B,same,81.1
1/8/2016,30.67,30.700001,29.57,29.629999,28.98138,9961800,$1.31B,same,81.1
1/11/2016,29.66,29.889999,29.15,29.68,29.030289,10234300,$1.31B,same,81.1
1/12/2016,30.209999,30.620001,29.969999,30.18,29.519341,11733900,$1.31B,same,81.1
1/13/2016,30.41,30.610001,29.23,29.26,28.619478,12041800,$1.31B,same,81.1
1/14/2016,28.66,29,27.82,28.67,28.042391,15005900,$1.31B,same,81.1
1/15/2016,27.52,27.85,26.639999,27.110001,26.516548,21036300,$1.31B,same,81.1
1/19/2016,27.67,28.450001,27.219999,27.33,26.73173,11428500,$1.31B,same,81.1
1/20/2016,26.809999,27.83,26.450001,27.48,26.878443,12029500,$1.31B,same,81.1
1/21/2016,27.780001,28.23,27.209999,27.799999,27.191441,12036400,$1.31B,same,81.1
1/22/2016,28.33,28.639999,28.27,28.450001,27.827209,6449900,$1.31B,same,81.1
1/25/2016,28.440001,28.77,28.360001,28.42,27.797869,6768200,$1.31B,same,81.1
1/26/2016,28.48,28.82,28.190001,28.700001,28.071737,5698600,$1.31B,same,81.1
1/27/2016,28.66,28.75,27.82,28.360001,27.739182,5792500,$1.31B,same,81.1
1/28/2016,28.59,28.690001,27.5,28.049999,27.43597,6919400,$1.31B,same,81.1
1/29/2016,28.290001,29.35,28.18,29.290001,28.648827,7762600,$1.31B,same,81.1
2/1/2016,29.26,29.450001,29.01,29.299999,28.658604,7247100,$1.31B,same,81.1
2/2/2016,29,29.15,27.860001,28.059999,27.445753,8547700,$1.31B,same,81.1
2/3/2016,28.280001,28.450001,27.549999,28.200001,27.582682,8169300,$1.31B,same,81.1
2/4/2016,28.24,28.85,27.93,28.209999,27.592463,8703500,$1.31B,same,81.1
2/5/2016,28.02,28.33,26.35,26.43,25.851433,15010700,$1.31B,same,81.1
2/8/2016,26.030001,26.16,24.85,25.219999,24.667921,15221300,$1.31B,same,81.1
2/9/2016,24.92,26.549999,24.799999,25.49,24.932011,10634300,$1.31B,same,81.1
2/10/2016,25.65,26.389999,25.290001,25.43,24.873322,8395000,$1.31B,same,81.1
2/11/2016,24.780001,25.559999,24.780001,25.299999,24.746168,8503600,$1.31B,same,81.1
2/12/2016,25.700001,25.780001,24.75,25.73,25.166754,8520400,$1.31B,same,81.1
2/16/2016,26.1,27.030001,26.02,26.99,26.39917,12133800,$1.31B,same,81.1
2/17/2016,27.33,27.92,27.219999,27.66,27.054508,19286700,$1.4B,,78.8
2/18/2016,29.93,30.98,29.9,30.040001,29.38241,26716500,$1.4B,,78.8
2/19/2016,29.879999,30.709999,29.65,30.440001,29.773651,13140700,$1.4B,,78.8
2/22/2016,30.879999,31.870001,30.82,31.52,30.830009,11241700,$1.4B,,78.8
2/23/2016,31.27,31.9,31.120001,31.6,30.90826,9234500,$1.4B,,78.8
2/24/2016,31.469999,31.870001,30.6,31.82,31.12344,8421300,$1.4B,,78.8
2/25/2016,31.940001,32.049999,31.32,31.889999,31.191904,8740400,$1.4B,,78.8
2/26/2016,32.040001,32.119999,31.360001,31.68,30.986507,9049100,$1.4B,,78.8
2/29/2016,31.610001,32.02,31.34,31.360001,30.785261,8083600,$1.4B,,78.8
3/1/2016,31.440001,32.75,31.389999,32.75,32.149784,8717500,$1.4B,,78.8
3/2/2016,32.57,33.060001,32.509998,32.939999,32.336304,5845300,$1.4B,,78.8
3/3/2016,32.900002,33.040001,32.209999,32.650002,32.051628,7550100,$1.4B,,78.8
3/4/2016,32.900002,32.93,32.299999,32.549999,31.953453,4382600,$1.4B,,78.8
3/7/2016,32.369999,32.59,31.92,32.34,31.747301,5999200,$1.4B,,78.8
3/8/2016,32.009998,32.200001,31.65,31.75,31.168114,6873500,$1.4B,,78.8
3/9/2016,32.029999,32.080002,31.32,31.73,31.148481,5569700,$1.4B,,78.8
3/10/2016,31.92,32.099998,31.040001,31.68,31.099401,7152100,$1.4B,,78.8
3/11/2016,32.150002,32.23,31.77,32.220001,31.629507,6935000,$1.4B,,78.8
3/14/2016,32.07,32.43,31.92,32.299999,31.708035,4757800,$1.4B,,78.8
3/15/2016,32.130001,32.34,31.57,32.139999,31.550966,5655400,$1.4B,,78.8
3/16/2016,31.9,33.209999,31.75,33.099998,32.493374,9091100,$1.4B,,78.8
3/17/2016,32.98,33.139999,32.369999,32.82,32.218502,8842000,$1.4B,,78.8
3/18/2016,33.209999,34.25,33,33.810001,33.190365,13637800,$1.4B,,78.8
3/21/2016,33.509998,33.919998,33.150002,33.91,33.288525,8444500,$1.4B,,78.8
3/22/2016,33.799999,34.09,33.43,33.849998,33.22963,6050300,$1.4B,,78.8
3/23/2016,34,34.68,33.849998,34.43,33.799,10725200,$1.4B,,78.8
3/24/2016,34.119999,34.540001,34.009998,34.48,33.848076,6123900,$1.4B,,78.8
3/28/2016,34.419998,34.98,34.380001,34.830002,34.191673,6634700,$1.4B,,78.8
3/29/2016,34.68,35.470001,34.599998,35.389999,34.741402,6545300,$1.4B,,78.8
3/30/2016,35.52,36.25,35.5,35.759998,35.104626,9417500,$1.4B,,78.8
3/31/2016,35.919998,36,35.349998,35.630001,34.977005,9497100,$1.4B,,78.8
4/1/2016,35.41,36.169998,35.139999,36.150002,35.487473,8707300,$1.4B,,78.8
4/4/2016,36.450001,36.639999,35.66,35.799999,35.143887,9848500,$1.4B,,78.8
4/5/2016,35.48,36.080002,35.34,35.75,35.094807,8489200,$1.4B,,78.8
4/6/2016,35.299999,35.82,34.630001,35.799999,35.143887,11334400,$1.4B,,78.8
4/7/2016,35.57,35.889999,35.279999,35.43,34.780674,9452600,$1.4B,,78.8
4/8/2016,35.720001,35.950001,35.310001,35.66,35.006462,6398400,$1.4B,,78.8
4/11/2016,35.869999,36.470001,35.759998,35.880001,35.222431,9688100,$1.4B,,78.8
4/12/2016,36,36.049999,35.139999,35.84,35.183163,7319100,$1.4B,,78.8
4/13/2016,36,36.75,36,36.740002,36.066666,8767900,$1.4B,,78.8
4/14/2016,36.639999,37,36.490002,36.84,36.164825,10414100,$1.4B,,78.8
4/15/2016,36.830002,37.459999,36.709999,37.130001,36.449505,10924300,$1.4B,,78.8
4/18/2016,37.060001,37.060001,36.610001,36.970001,36.29245,7683000,$1.4B,,78.8
4/19/2016,37.110001,37.18,36.080002,36.310001,35.644547,7728800,$1.4B,,78.8
4/20/2016,36.25,36.669998,36.209999,36.450001,35.781979,5004300,$1.4B,,78.8
4/21/2016,36.459999,36.630001,36.25,36.41,35.742722,4457000,$1.4B,,78.8
4/22/2016,36.529999,36.779999,36.150002,36.27,35.605278,5588500,$1.4B,,78.8
4/25/2016,36.279999,36.650002,36.18,36.450001,35.781979,4799300,$1.4B,,78.8
4/26/2016,36.669998,37.09,36.32,36.48,35.811432,5363400,$1.4B,,78.8
4/27/2016,36.389999,37.330002,36.32,37.310001,36.626205,8809900,$1.4B,,78.8
4/28/2016,37.080002,37.299999,36.110001,36.200001,35.53656,9530600,$1.4B,,78.8
4/29/2016,36.049999,36.130001,35.139999,35.529999,34.878845,8047600,$1.4B,,78.8
5/2/2016,35.869999,36.220001,35.700001,36,35.340221,6401900,$1.4B,,78.8
5/3/2016,35.59,35.740002,35.259998,35.57,34.918114,5600600,$1.4B,,78.8
5/4/2016,35.139999,35.169998,34.400002,34.759998,34.122955,13144100,$1.4B,,78.8
5/5/2016,35.049999,35.380001,34.709999,34.970001,34.329113,6172100,$1.4B,,78.8
5/6/2016,34.91,35.419998,34.84,35.330002,34.682507,4581000,$1.4B,,78.8
5/9/2016,35.419998,35.57,34.990002,35.279999,34.633423,8333400,$1.4B,,78.8
5/10/2016,35.5,36.02,35.16,35.959999,35.300961,6741900,$1.4B,,78.8
5/11/2016,36.07,36.459999,35.869999,36.060001,35.399136,8204400,$1.4B,,78.8
5/12/2016,36.32,36.48,34.93,35.57,34.918114,16763500,$1.3B,up,77.2
5/13/2016,39.189999,41,39,40.98,40.228943,52756400,$1.3B,up,77.2
5/16/2016,40.669998,42.799999,40.540001,42.189999,41.416779,24325800,$1.3B,up,77.2
5/17/2016,42,42.580002,41.459999,42.279999,41.505131,15709800,$1.3B,up,77.2
5/18/2016,42,43.849998,42,43.360001,42.565334,13526800,$1.3B,up,77.2
5/19/2016,43.189999,43.860001,43.130001,43.549999,42.75185,9972000,$1.3B,up,77.2
5/20/2016,43.82,44.509998,43.75,44.330002,43.517555,9777100,$1.3B,up,77.2
5/23/2016,44.52,44.689999,44.130001,44.400002,43.586281,10340900,$1.3B,up,77.2
5/24/2016,44.419998,45.5,44.299999,45.360001,44.644318,10394700,$1.3B,up,77.2
5/25/2016,45.5,45.689999,44.810001,45.169998,44.457314,11451900,$1.3B,up,77.2
5/26/2016,45.25,45.98,45.119999,45.650002,44.929741,7749100,$1.3B,up,77.2
5/27/2016,45.700001,45.970001,45.549999,45.900002,45.175797,6935400,$1.3B,up,77.2
5/31/2016,46.099998,46.82,46.07,46.720001,45.982853,10313100,$1.3B,up,77.2
6/1/2016,46.5,47.259998,46.360001,46.810001,46.071442,9678300,$1.3B,up,77.2
6/2/2016,47.060001,47.540001,46.599998,47.139999,46.396236,8230200,$1.3B,up,77.2
6/3/2016,46.68,46.740002,45.66,46.48,45.746651,11526900,$1.3B,up,77.2
6/6/2016,46.599998,46.959999,46,46.240002,45.510433,8062800,$1.3B,up,77.2
6/7/2016,46.52,46.779999,46.310001,46.330002,45.599018,4835000,$1.3B,up,77.2
6/8/2016,46.34,46.509998,45.799999,46.18,45.451374,5865400,$1.3B,up,77.2
6/9/2016,46.02,47.450001,45.919998,47.380001,46.632442,11804200,$1.3B,up,77.2
6/10/2016,46.82,47.240002,46.139999,46.200001,45.471073,10000600,$1.3B,up,77.2
6/13/2016,46.25,47.700001,46.25,46.790001,46.051765,11889700,$1.3B,up,77.2
6/14/2016,46.68,47.099998,46.16,46.880001,46.140331,7458600,$1.3B,up,77.2
6/15/2016,47.27,47.77,46.75,47.360001,46.612762,7525900,$1.3B,up,77.2
6/16/2016,47.009998,47.630001,46.549999,47.549999,46.799767,6161400,$1.3B,up,77.2
6/17/2016,47.610001,47.619999,46.529999,46.720001,45.982853,11775000,$1.3B,up,77.2
6/20/2016,47.470001,48.169998,47.439999,47.560001,46.809597,7344200,$1.3B,up,77.2
6/21/2016,47.759998,47.889999,47.200001,47.27,46.524178,5312700,$1.3B,up,77.2
6/22/2016,47.369999,47.68,47.150002,47.23,46.484814,5065500,$1.3B,up,77.2
6/23/2016,47.68,48.540001,47.650002,48.490002,47.724937,7447000,$1.3B,up,77.2
6/24/2016,46.5,47.360001,45.299999,45.73,45.008465,25442100,$1.3B,up,77.2
6/27/2016,45.349998,45.700001,44.57,45.240002,44.526215,11227200,$1.3B,up,77.2
6/28/2016,46.099998,46.150002,45.27,45.900002,45.175797,9548000,$1.3B,up,77.2
6/29/2016,46.299999,47.009998,46.18,46.650002,45.913963,7973300,$1.3B,up,77.2
6/30/2016,46.73,47.299999,46.349998,47.009998,46.268288,10773500,$1.3B,up,77.2
7/1/2016,46.75,47.360001,46.5,46.66,45.923805,5462200,$1.3B,up,77.2
7/5/2016,46.400002,47.43,46.029999,47.349998,46.602913,9277100,$1.3B,up,77.2
7/6/2016,47.02,47.93,46.779999,47.650002,46.898186,6827600,$1.3B,up,77.2
7/7/2016,47.970001,49.060001,47.75,48.889999,48.11861,9885000,$1.3B,up,77.2
7/8/2016,49.41,51.09,49.220001,50.849998,50.047684,12048300,$1.3B,up,77.2
7/11/2016,51.580002,52.400002,51.52,52.02,51.199226,11219400,$1.3B,up,77.2
7/12/2016,52.599998,53.279999,51.939999,52.799999,51.966923,10919000,$1.3B,up,77.2
7/13/2016,52.900002,53.200001,52.700001,52.779999,51.947247,8115100,$1.3B,up,77.2
7/14/2016,53.060001,53.799999,52.619999,53.32,52.478722,7922300,$1.3B,up,77.2
7/15/2016,52.639999,52.939999,51.84,52.700001,51.8685,10715400,$1.3B,up,77.2
7/18/2016,53.349998,53.43,52.77,52.970001,52.134247,6324800,$1.3B,up,77.2
7/19/2016,52.939999,53.73,52.84,53.52,52.675571,9566300,$1.3B,up,77.2
7/20/2016,53.700001,54.509998,53.48,54.220001,53.364525,7411500,$1.3B,up,77.2
7/21/2016,54.099998,54.27,53.040001,53.220001,52.380299,9032700,$1.3B,up,77.2
7/22/2016,53.41,54.669998,53.02,54.669998,53.807423,7894200,$1.3B,up,77.2
7/25/2016,55,55.810001,54.759998,55.68,54.801495,7813200,$1.3B,up,77.2
7/26/2016,56.169998,56.919998,56.09,56.630001,55.736504,12862700,$1.3B,up,77.2
7/27/2016,57.119999,57.220001,55.720001,56.060001,55.175491,11166900,$1.3B,up,77.2
7/28/2016,56.189999,56.599998,56.009998,56.18,55.293598,5547900,$1.3B,up,77.2
7/29/2016,56.389999,57.25,55.380001,57.099998,56.199081,10239700,$1.3B,up,77.2
8/1/2016,57.34,57.549999,56.360001,56.73,55.834923,7528000,$1.3B,up,77.2
8/2/2016,57,57.029999,55.5,56.040001,55.155815,7068700,$1.3B,up,77.2
8/3/2016,55.970001,56.299999,55.66,56.189999,55.303432,7495700,$1.3B,up,77.2
8/4/2016,56.459999,57.490002,56.349998,57.23,56.327026,6817800,$1.3B,up,77.2
8/5/2016,57.889999,58.23,57.610001,58.200001,57.281727,9289700,$1.3B,up,77.2
8/8/2016,59,59.139999,58.119999,58.740002,57.81321,7626600,$1.3B,up,77.2
8/9/2016,59.029999,59.459999,58.740002,58.889999,57.960842,9308600,$1.3B,up,77.2
8/10/2016,59.41,59.5,58.32,58.509998,57.586834,9393500,$1.3B,up,77.2
8/11/2016,58.82,59.950001,58.700001,59.700001,58.75806,17026600,$1.43B,,70
8/12/2016,61.900002,63.380001,60.630001,63.040001,62.045368,35643600,$1.43B,,70
8/15/2016,63.110001,63.5,62.130001,62.98,61.986301,14332600,$1.43B,,70
8/16/2016,62.889999,62.990002,62.41,62.599998,61.612301,7191300,$1.43B,,70
8/17/2016,62.599998,62.740002,60.66,61.150002,60.185184,14880300,$1.43B,,70
8/18/2016,61.060001,62.200001,60.82,62.099998,61.12019,8292100,$1.43B,,70
8/19/2016,62.07,62.73,61.799999,62.259998,61.277653,7289000,$1.43B,,70
8/22/2016,62.450001,62.610001,61.709999,62.52,61.533566,6118700,$1.43B,,70
8/23/2016,63.040001,63.32,62.73,62.91,62.031517,8494100,$1.43B,,70
8/24/2016,63.130001,63.16,61.650002,61.939999,61.075054,7461200,$1.43B,,70
8/25/2016,61.959999,61.990002,60.759998,61.529999,60.670784,10150800,$1.43B,,70
8/26/2016,61.689999,62.380001,61.200001,62.029999,61.163792,7500600,$1.43B,,70
8/29/2016,62.279999,62.529999,61.889999,61.990002,61.124371,6866300,$1.43B,,70
8/30/2016,61.91,62.240002,61.459999,61.630001,60.769394,7138600,$1.43B,,70
8/31/2016,61.75,61.919998,61.16,61.34,60.483433,9713600,$1.43B,,70
9/1/2016,61.389999,63.380001,61.34,63.150002,62.268166,10712300,$1.43B,,70
9/2/2016,63.279999,63.349998,61.82,62.529999,61.65683,8078700,$1.43B,,70
9/6/2016,62.75,63.119999,62.43,63.119999,62.238583,7670300,$1.43B,,70
9/7/2016,62.919998,63.23,61.830002,62.189999,61.321571,9949700,$1.43B,,70
9/8/2016,62.130001,62.740002,61.419998,62.639999,61.765285,7895200,$1.43B,,70
9/9/2016,61.950001,62.299999,59,59.52,58.688854,17444000,$1.43B,,70
9/12/2016,58.73,60.869999,57.32,60.75,59.901676,14956500,$1.43B,,70
9/13/2016,60.599998,61.299999,59.529999,59.869999,59.033974,11794200,$1.43B,,70
9/14/2016,60.009998,60.599998,59.509998,60.400002,59.556568,7976200,$1.43B,,70
9/15/2016,60.5,62.759998,60.360001,62.689999,61.814587,12880300,$1.43B,,70
9/16/2016,62.91,63.25,62.119999,62.84,61.96249,22561100,$1.43B,,70
9/19/2016,63.5,65.260002,63.209999,63.669998,62.780895,10428200,$1.43B,,70
9/20/2016,64.400002,64.400002,62.740002,63.09,62.209,8277800,$1.43B,,70
9/21/2016,63.279999,64.980003,63.27,64.860001,63.954292,8405300,$1.43B,,70
9/22/2016,65.239998,65.440002,64.650002,65.019997,64.11203,7718300,$1.43B,,70
9/23/2016,65.099998,65.290001,64.660004,64.949997,64.043022,6903300,$1.43B,,70
9/26/2016,64.209999,64.599998,63.529999,64.339996,63.441544,5751000,$1.43B,,70
9/27/2016,64.089996,66.639999,64.059998,66.540001,65.610817,10068800,$1.43B,,70
9/28/2016,66.639999,66.830002,65.93,66.779999,65.847481,7994700,$1.43B,,70
9/29/2016,66.669998,67.610001,66.050003,67.400002,66.458832,8417100,$1.43B,,70
9/30/2016,67.769997,69.190002,67.370003,68.519997,67.563156,10748300,$1.43B,,70
10/3/2016,68.519997,69.510002,68.330002,68.449997,67.494156,6064900,$1.43B,,70
10/4/2016,68.550003,69.699997,67.790001,68.300003,67.34626,7040600,$1.43B,,70
10/5/2016,68.879997,69.580002,68.019997,68.230003,67.277222,7636000,$1.43B,,70
10/6/2016,67.410004,67.830002,66.260002,67.339996,66.399658,9005300,$1.43B,,70
10/7/2016,67.790001,67.970001,66.660004,66.849998,65.916519,7156500,$1.43B,,70
10/10/2016,67.199997,67.559998,66.470001,67.099998,66.163002,7196900,$1.43B,,70
10/11/2016,66.879997,66.980003,65.620003,66.129997,65.206543,9713500,$1.43B,,70
10/12/2016,65.860001,66.779999,65.309998,66.43,65.502373,10498000,$1.43B,,70
10/13/2016,65.650002,65.800003,63.700001,65.349998,64.437439,9752900,$1.43B,,70
10/14/2016,66.150002,66.599998,65.599998,65.989998,65.068497,8265900,$1.43B,,70
10/17/2016,65.980003,66.599998,65.519997,65.610001,64.693817,4883200,$1.43B,,70
10/18/2016,66.519997,66.989998,66.25,66.610001,65.679832,6734300,$1.43B,,70
10/19/2016,66.160004,66.779999,65.82,66.470001,65.541801,4976500,$1.43B,,70
10/20/2016,67.25,67.949997,66.300003,67.730003,66.784203,7802100,$1.43B,,70
10/21/2016,67.489998,67.660004,66.900002,67.540001,66.596855,6987700,$1.43B,,70
10/24/2016,68,70.790001,67.989998,70.709999,69.722588,8495900,$1.43B,,70
10/25/2016,70.589996,72.300003,70.25,71.870003,70.866409,9936500,$1.43B,,70
10/26/2016,71.269997,72.949997,71.199997,72.160004,71.152344,8344800,$1.43B,,70
10/27/2016,72.709999,72.849998,70.389999,70.68,69.693001,9716600,$1.43B,,70
10/28/2016,71.019997,72.099998,70.43,70.559998,69.574684,7271400,$1.43B,,70
10/31/2016,70.790001,71.629997,70.75,71.160004,70.166321,6309700,$1.43B,,70
11/1/2016,71.419998,71.809998,68.290001,69.050003,68.085777,11830600,$1.43B,,70
11/2/2016,69.580002,70.519997,68.639999,68.760002,67.799828,7396200,$1.43B,,70
11/3/2016,69.080002,69.139999,66.639999,67.959999,67.010986,7741600,$1.43B,,70
11/4/2016,67.510002,68.730003,66.580002,67.57,66.626434,8219500,$1.43B,,70
11/7/2016,69.550003,71.720001,69.5,71.269997,70.274765,12189500,$1.43B,,70
11/8/2016,71.540001,71.769997,70.5,71.160004,70.166321,10747100,$1.43B,,70
11/9/2016,69.230003,70.900002,68.720001,69.959999,68.98307,11413300,$1.43B,,70
11/10/2016,71.489998,71.5,66.760002,67.769997,66.823647,21732000,$2.0B,same,70.9
11/11/2016,79.510002,88.769997,78.5,87.970001,86.741577,54383600,$2.0B,same,70.9
11/14/2016,88.089996,88.190002,83.620003,83.639999,82.472023,33719900,$2.0B,same,70.9
11/15/2016,84.290001,87.449997,83.93,86.190002,84.986427,15652300,$2.0B,same,70.9
11/16/2016,87.339996,92.559998,86.349998,91.629997,90.350456,24699600,$2.0B,same,70.9
11/17/2016,92.309998,94.790001,90.650002,92.389999,91.099846,20824700,$2.0B,same,70.9
11/18/2016,92.389999,94.330002,91.800003,93.360001,92.056305,14401500,$2.0B,same,70.9
11/21/2016,94.089996,94.349998,92.400002,92.980003,91.681602,10910900,$2.0B,same,70.9
11/22/2016,93.300003,93.739998,92.379997,93.650002,92.342255,8259200,$2.0B,same,70.9
11/23/2016,93.720001,95.25,92.769997,93.970001,92.796516,11080900,$2.0B,same,70.9
11/25/2016,94.419998,95.099998,93.410004,94.160004,92.984123,4889100,$2.0B,same,70.9
11/28/2016,93.870003,94.739998,93.599998,94.110001,92.934761,6968400,$2.0B,same,70.9
11/29/2016,94,94.440002,92.529999,93.25,92.085487,11114200,$2.0B,same,70.9
11/30/2016,93.599998,94.160004,92.099998,92.199997,91.048607,11012500,$2.0B,same,70.9
12/1/2016,92.099998,92.169998,84.769997,87.639999,86.54557,25888100,$2.0B,same,70.9
12/2/2016,86.25,88.800003,85.120003,88.449997,87.345451,11957300,$2.0B,same,70.9
12/5/2016,89.989998,92.610001,89,91.879997,90.73262,15057100,$2.0B,same,70.9
12/6/2016,92.209999,93.730003,91.57,93.389999,92.223763,12469900,$2.0B,same,70.9
12/7/2016,92.839996,95.300003,92.099998,95.07,93.882797,12020100,$2.0B,same,70.9
12/8/2016,95.190002,96.620003,93.050003,93.480003,92.312614,9538600,$2.0B,same,70.9
12/9/2016,94.199997,94.269997,90.709999,91.82,90.67337,9557800,$2.0B,same,70.9
12/12/2016,89.849998,89.949997,87.540001,89.589996,88.471207,15033300,$2.0B,same,70.9
12/13/2016,90.089996,92.290001,90.050003,91.169998,90.031479,9694900,$2.0B,same,70.9
12/14/2016,92.540001,97.110001,91.57,96.449997,95.245537,24599500,$2.0B,same,70.9
12/15/2016,96.900002,99.940002,96.599998,98.709999,97.477341,18663700,$2.0B,same,70.9
12/16/2016,99.830002,100.699997,97.730003,100.410004,99.156082,27238200,$2.0B,same,70.9
12/19/2016,99.699997,102.449997,99,101.629997,100.36087,18616400,$2.0B,same,70.9
12/20/2016,104.580002,106.129997,104.120003,105.169998,103.856659,21201400,$2.0B,same,70.9
12/21/2016,105.639999,105.949997,103.709999,105.830002,104.508408,14403400,$2.0B,same,70.9
12/22/2016,106.82,108.870003,106.529999,107.110001,105.772415,17965300,$2.0B,same,70.9
12/23/2016,106.379997,109.839996,106.269997,109.779999,108.409065,16192300,$2.0B,same,70.9
12/27/2016,112.059998,117.360001,111.220001,117.32,115.854919,29856800,$2.0B,same,70.9
12/28/2016,119.599998,119.93,108.690002,109.25,107.885704,57394100,$2.0B,same,70.9
12/29/2016,104.900002,111.489998,102.800003,111.43,110.03846,54384200,$2.0B,same,70.9
12/30/2016,111.349998,111.919998,106.300003,106.739998,105.407036,30323300,$2.0B,same,70.9
1/3/2017,104.400002,106.370003,99.379997,102.010002,100.736099,37549900,$2.0B,same,70.9
1/4/2017,103.400002,105.5,101.529999,104.389999,103.08638,29980500,$2.0B,same,70.9
1/5/2017,104.529999,105.82,101.050003,101.739998,100.469482,24607400,$2.0B,same,70.9
1/6/2017,102.849998,104.25,101.199997,103.099998,101.812492,20571400,$2.0B,same,70.9
1/9/2017,103.5,108,103.5,107.279999,105.9403,22906200,$2.0B,same,70.9
1/10/2017,107.809998,109.190002,105.629997,106.470001,105.140419,22023000,$2.0B,same,70.9
1/11/2017,106,106.199997,104.150002,105.160004,103.846771,13141600,$2.0B,same,70.9
1/12/2017,104.230003,104.699997,101.620003,103.440002,102.148262,15640400,$2.0B,same,70.9
1/13/2017,103.599998,105,103.059998,103.43,102.138382,11445500,$2.0B,same,70.9
1/17/2017,103,103.199997,100.57,101.110001,99.847343,14515300,$2.0B,same,70.9
1/18/2017,100.239998,103.230003,99.110001,102.949997,101.66436,16360600,$2.0B,same,70.9
1/19/2017,103.07,106.459999,102.980003,105.160004,103.846771,16121800,$2.0B,same,70.9
1/20/2017,106.080002,106.800003,103.120003,104.010002,102.711128,12300600,$2.0B,same,70.9
1/23/2017,103.800003,105.900002,103.699997,105.089996,103.777649,9247600,$2.0B,same,70.9
1/24/2017,105.5,107.580002,104.900002,107.330002,105.989677,10701300,$2.0B,same,70.9
1/25/2017,109.050003,109.300003,106.330002,107.790001,106.443916,13069000,$2.0B,same,70.9
1/26/2017,107.900002,109.949997,106.699997,109.650002,108.280701,11470000,$2.0B,same,70.9
1/27/2017,109.93,111.889999,108.849998,111.769997,110.374222,11799900,$2.0B,same,70.9
1/30/2017,110.919998,111.010002,107.910004,110.019997,108.646072,12400100,$2.0B,same,70.9
1/31/2017,108.949997,110.050003,108.199997,109.18,107.816574,9068900,$2.0B,same,70.9
2/1/2017,110.580002,114.120003,109.860001,113.949997,112.527,14750100,$2.0B,same,70.9
2/2/2017,113.300003,115.739998,112.059998,115.389999,113.94902,12081000,$2.0B,same,70.9
2/3/2017,115.449997,115.900002,113.900002,114.379997,112.95163,9318600,$2.0B,same,70.9
2/6/2017,114,117.330002,114,117.309998,115.845039,12669200,$2.0B,same,70.9
2/7/2017,118.699997,120.919998,117.900002,119.129997,117.642311,18655600,$2.0B,same,70.9
2/8/2017,118.400002,119.309998,116.379997,118.610001,117.128792,11239500,$2.0B,same,70.9
2/9/2017,118.860001,119.059998,115.599998,116.379997,114.926659,21064200,$2.17B,same,70.5
2/10/2017,119.93,120.699997,112.599998,113.620003,112.201118,41277300,$2.17B,same,70.5
2/13/2017,113.389999,113.980003,108.199997,108.379997,107.026566,29518100,$2.17B,same,70.5
2/14/2017,107.989998,110.150002,106.290001,108.779999,107.421547,21265800,$2.17B,same,70.5
2/15/2017,108.900002,109.800003,107.760002,109,107.638817,9325500,$2.17B,same,70.5
2/16/2017,109.389999,109.440002,105.660004,107.25,105.91066,16179400,$2.17B,same,70.5
2/17/2017,106.699997,107.410004,104.790001,107.230003,105.890938,14093500,$2.17B,same,70.5
2/21/2017,108.230003,111.230003,108.220001,111.07,109.682961,13798800,$2.17B,same,70.5
2/22/2017,111.419998,111.800003,109.989998,110.760002,109.514885,10844300,$2.17B,same,70.5
2/23/2017,105.5,106.389999,99.68,100.489998,99.360336,39822200,$2.17B,same,70.5
2/24/2017,97.07,102,95.699997,101.459999,100.319412,25747600,$2.17B,same,70.5
2/27/2017,102.199997,105.019997,101.559998,104.410004,103.236275,17885000,$2.17B,same,70.5
2/28/2017,104.800003,105.199997,100.779999,101.480003,100.339195,15634000,$2.17B,same,70.5
3/1/2017,103.790001,104.370003,101.110001,102.790001,101.634476,12620100,$2.17B,same,70.5
3/2/2017,102.269997,102.839996,98.889999,99,97.887093,18858300,$2.17B,same,70.5
3/3/2017,98.57,98.769997,96.220001,98.43,97.323486,21617300,$2.17B,same,70.5
3/6/2017,96.959999,98.099998,95.169998,97.669998,96.572052,22089200,$2.17B,same,70.5
3/7/2017,97.669998,99.529999,97.150002,98.739998,97.630005,15085000,$2.17B,same,70.5
3/8/2017,100.699997,101.300003,98.470001,98.559998,97.452019,15967800,$2.17B,same,70.5
3/9/2017,97.910004,99.449997,97.400002,98.540001,97.432251,11951500,$2.17B,same,70.5
3/10/2017,99.610001,100.089996,98.379997,99.120003,98.00573,12493500,$2.17B,same,70.5
3/13/2017,99.540001,102.25,99.510002,101.849998,100.70504,19353400,$2.17B,same,70.5
3/14/2017,102.370003,102.75,100.470001,101.779999,100.635826,13050400,$2.17B,same,70.5
3/15/2017,102.25,102.989998,100.32,102.550003,101.397179,15375900,$2.17B,same,70.5
3/16/2017,102.980003,103.830002,102.410004,103.809998,102.642998,13077500,$2.17B,same,70.5
3/17/2017,104.519997,106.120003,103.809998,106.07,104.877617,27992200,$2.17B,same,70.5
3/20/2017,106.779999,109.610001,106.129997,109.449997,108.219612,18714200,$2.17B,same,70.5
3/21/2017,108.75,109.959999,105.589996,105.910004,104.719406,22837100,$2.17B,same,70.5
3/22/2017,105.459999,108.260002,105.300003,108.07,106.855118,15419100,$2.17B,same,70.5
3/23/2017,107.75,108.559998,106.699997,107.089996,105.886131,13348500,$2.17B,same,70.5
3/24/2017,108.970001,109.290001,106.419998,107.470001,106.261856,10987500,$2.17B,same,70.5
3/27/2017,105.580002,108.410004,103.580002,108.25,107.033096,12666100,$2.17B,same,70.5
3/28/2017,108.300003,108.889999,107.269997,107.690002,106.479401,10811100,$2.17B,same,70.5
3/29/2017,107.989998,108.489998,107.25,107.339996,106.133331,8749800,$2.17B,same,70.5
3/30/2017,107.629997,110,107.400002,109.400002,108.170166,13138300,$2.17B,same,70.5
3/31/2017,109.010002,109.889999,108.400002,108.93,107.70546,11020200,$2.17B,same,70.5
4/3/2017,108.949997,109.650002,107.419998,108.379997,107.161629,11130800,$2.17B,same,70.5
4/4/2017,103.400002,104.419998,100.339996,100.779999,99.647072,31782000,$2.17B,same,70.5
4/5/2017,100.019997,102.370003,99.5,100.029999,98.905495,18676200,$2.17B,same,70.5
4/6/2017,100.239998,101.25,98.410004,100.760002,99.627296,15878000,$2.17B,same,70.5
4/7/2017,101.019997,101.730003,99.720001,100.330002,99.202126,10726700,$2.17B,same,70.5
4/10/2017,100.360001,100.629997,97.599998,97.769997,96.670914,18908300,$2.17B,same,70.5
4/11/2017,96.550003,98.900002,96.349998,98.120003,97.016968,15453700,$2.17B,same,70.5
4/12/2017,98.120003,98.699997,97.099998,97.309998,96.21608,10352300,$2.17B,same,70.5
4/13/2017,96.330002,97.209999,95.489998,95.489998,94.416542,12672300,$2.17B,same,70.5
4/17/2017,96.010002,99.239998,95.800003,99.230003,98.11451,12432300,$2.17B,same,70.5
4/18/2017,98.650002,99.540001,97.599998,99.290001,98.17382,9252900,$2.17B,same,70.5
4/19/2017,100,100.980003,99.410004,99.68,98.559433,9520700,$2.17B,same,70.5
4/20/2017,100.269997,101.449997,99.410004,101.260002,100.121674,10100400,$2.17B,same,70.5
4/21/2017,100.839996,101.790001,100.360001,101.68,100.536949,8547400,$2.17B,same,70.5
4/24/2017,102.959999,103.480003,102.110001,102.949997,101.792664,9295500,$2.17B,same,70.5
4/25/2017,103.540001,105.330002,102.669998,104.739998,103.562546,9711000,$2.17B,same,70.5
4/26/2017,105.290001,105.389999,103.940002,104.019997,102.850655,8175100,$2.17B,same,70.5
4/27/2017,104.32,105.980003,103.589996,105.639999,104.452423,7992500,$2.17B,same,70.5
4/28/2017,105.360001,105.639999,104.07,104.300003,103.127502,8706200,$2.17B,same,70.5
5/1/2017,104.739998,106.849998,104.449997,106.639999,105.441177,7693300,$2.17B,same,70.5
5/2/2017,105.550003,105.599998,102.559998,103.480003,102.316719,15749300,$2.17B,same,70.5
5/3/2017,103.199997,104.639999,102.599998,104.25,103.078064,8422600,$2.17B,same,70.5
5/4/2017,104.5,104.949997,103.529999,103.849998,102.682556,5244700,$2.17B,same,70.5
5/5/2017,103.379997,104.150002,102.75,103.860001,102.692444,5710700,$2.17B,same,70.5
5/8/2017,104.339996,104.400002,102.309998,102.769997,101.614708,9131000,$2.17B,same,70.5
5/9/2017,103,104.93,102.660004,102.940002,101.782799,21191800,$1.94B,same,72.5
5/10/2017,114.290001,121.82,114.019997,121.290001,119.926491,53227400,$1.94B,same,72.5
5/11/2017,120.050003,130.429993,119.910004,126.5,125.077934,48494800,$1.94B,same,72.5
5/12/2017,126.629997,129.600006,125.779999,127.889999,126.452316,24065500,$1.94B,same,72.5
5/15/2017,129.559998,134.410004,129.380005,134.309998,132.800156,27188500,$1.94B,same,72.5
5/16/2017,136.380005,137.440002,133.360001,136.809998,135.272018,28017500,$1.94B,same,72.5
5/17/2017,134.100006,134.860001,127.550003,127.720001,126.284241,31784200,$1.94B,same,72.5
5/18/2017,129.5,133.429993,127.050003,133.070007,131.574112,28900800,$1.94B,same,72.5
5/19/2017,137.029999,138.220001,135.220001,136,134.612778,25459300,$1.94B,same,72.5
5/22/2017,137.770004,139.479996,137.330002,138.899994,137.483185,20915200,$1.94B,same,72.5
5/23/2017,139.699997,139.789993,135.710007,137.029999,135.632233,17031200,$1.94B,same,72.5
5/24/2017,140.960007,141.070007,138.080002,138.570007,137.156555,20399900,$1.94B,same,72.5
5/25/2017,140,140.029999,136.440002,138.259995,136.849716,15205700,$1.94B,same,72.5
5/26/2017,137.929993,145.279999,137.110001,141.839996,140.393173,19478500,$1.94B,same,72.5
5/30/2017,143.699997,146.289993,143.050003,144.869995,143.392288,24741300,$1.94B,same,72.5
5/31/2017,146.690002,147,142.050003,144.350006,142.87764,22182900,$1.94B,same,72.5
6/1/2017,144.990005,145.029999,142.520004,144.360001,142.887482,12583500,$1.94B,same,72.5
6/2/2017,144.240005,145.300003,143.399994,143.639999,142.174835,12186400,$1.94B,same,72.5
6/5/2017,142.979996,148.529999,142.509995,148.009995,146.500275,20434400,$1.94B,same,72.5
6/6/2017,147.820007,149.690002,146.800003,147.339996,145.837067,18968200,$1.94B,same,72.5
6/7/2017,148.330002,149.880005,147.699997,149.119995,147.598938,15315300,$1.94B,same,72.5
6/8/2017,153.460007,160,151.789993,159.940002,158.308578,29043600,$1.94B,same,72.5
6/9/2017,164.740005,168.5,142.75,149.600006,148.074036,92323200,$1.94B,same,72.5
6/12/2017,145.880005,151.699997,142.110001,149.970001,148.440262,42438300,$1.94B,same,72.5
6/13/2017,154.399994,154.770004,145.649994,151.399994,149.855682,41812600,$1.94B,same,72.5
6/14/2017,151.520004,154.059998,148.5,151.720001,150.172424,29616000,$1.94B,same,72.5
6/15/2017,146.960007,153.600006,146.5,152.369995,150.815765,24095600,$1.94B,same,72.5
6/16/2017,152.759995,154.699997,150.240005,151.619995,150.073395,23124000,$1.94B,same,72.5
6/19/2017,153.410004,157.529999,153.259995,157.320007,155.715302,19454400,$1.94B,same,72.5
6/20/2017,159.029999,161.740005,156.919998,157.089996,155.48764,27386100,$1.94B,same,72.5
6/21/2017,158.210007,159.619995,155.699997,159.470001,157.843384,17066300,$1.94B,same,72.5
6/22/2017,159.800003,160.339996,157.399994,158.369995,156.754578,11728300,$1.94B,same,72.5
6/23/2017,158.679993,159.320007,153.220001,153.830002,152.26088,27214700,$1.94B,same,72.5
6/26/2017,155.160004,156.600006,148.330002,152.149994,150.598022,26599000,$1.94B,same,72.5
6/27/2017,151.440002,151.789993,146.350006,146.580002,145.084854,24987300,$1.94B,same,72.5
6/28/2017,149.320007,151.940002,145.75,151.75,150.202072,24873700,$1.94B,same,72.5
6/29/2017,150.600006,150.720001,144.080002,146.679993,145.183838,26610600,$1.94B,same,72.5
6/30/2017,147.380005,147.929993,143.5,144.559998,143.085434,18276500,$1.94B,same,72.5
7/3/2017,145.050003,145.649994,138.580002,139.330002,137.908783,17726800,$1.94B,same,72.5
7/5/2017,141.899994,144.220001,141.130005,143.050003,141.590866,20504700,$1.94B,same,72.5
7/6/2017,141.869995,145.380005,139.759995,143.479996,142.016418,18657100,$1.94B,same,72.5
7/7/2017,145.779999,147.5,144.850006,146.759995,145.262985,16374300,$1.94B,same,72.5
7/10/2017,149.740005,154,148.679993,153.699997,152.132217,23962300,$1.94B,same,72.5
7/11/2017,153.850006,156.190002,152.149994,155.880005,154.289978,18948900,$1.94B,same,72.5
7/12/2017,158.300003,163,156.559998,162.509995,160.852356,28630200,$1.94B,same,72.5
7/13/2017,163,166.300003,158.75,160.630005,158.991547,34228300,$1.94B,same,72.5
7/14/2017,161.289993,165.009995,161.009995,164.949997,163.267471,23548700,$1.94B,same,72.5
7/17/2017,166.330002,167.5,161.75,164.25,162.5746,23269800,$1.94B,same,72.5
7/18/2017,161.779999,166.550003,161.300003,165.960007,164.267181,19416000,$1.94B,same,72.5
7/19/2017,166.330002,167.399994,164.610001,165.100006,163.415955,17176100,$1.94B,same,72.5
7/20/2017,165.929993,167.509995,163.910004,167.5,165.791473,17489900,$1.94B,same,72.5
7/21/2017,166.669998,169.300003,166.089996,168.100006,166.38533,16208300,$1.94B,same,72.5
7/24/2017,168.389999,168.779999,165.720001,166.149994,164.455231,16313100,$1.94B,same,72.5
7/25/2017,165.220001,165.929993,163.580002,165.350006,163.663406,12413900,$1.94B,same,72.5
7/26/2017,167.679993,169.929993,165.850006,167.259995,165.553879,16010100,$1.94B,same,72.5
7/27/2017,168.270004,168.740005,157.559998,161.740005,160.09021,19571400,$1.94B,same,72.5
7/28/2017,160.289993,165.380005,159.279999,164.389999,162.713196,12833700,$1.94B,same,72.5
7/31/2017,164.940002,166.399994,160.619995,162.509995,160.852356,13991800,$1.94B,same,72.5
8/1/2017,162.130005,164.559998,161,164.490005,162.812164,10784600,$1.94B,same,72.5
8/2/2017,165.75,165.910004,161.270004,164.389999,162.713196,11961100,$1.94B,same,72.5
8/3/2017,164.369995,166.630005,163.679993,166.479996,164.78186,11060500,$1.94B,same,72.5
8/4/2017,167.399994,170.070007,166.479996,167.210007,165.50444,14727400,$1.94B,same,72.5
8/7/2017,168.389999,172.369995,168,172.350006,170.59198,17935300,$1.94B,same,72.5
8/8/2017,173.889999,174.559998,168.710007,170.300003,168.562897,18883400,$1.94B,same,72.5
8/9/2017,168.429993,172.210007,167.669998,172.110001,170.354446,13269600,$1.94B,same,72.5
8/10/2017,172.160004,172.660004,164.330002,164.740005,163.059631,33202200,$2.23B,same,69.7
8/11/2017,157.139999,159,152.910004,155.960007,154.369171,37429900,$2.23B,same,69.7
8/14/2017,159.669998,168.550003,159.199997,168.399994,166.682281,31975500,$2.23B,same,69.7
8/15/2017,168.610001,169.669998,165.589996,166.979996,165.276749,19113300,$2.23B,same,69.7
8/16/2017,167.589996,168.539993,163.839996,165.149994,163.465424,14915800,$2.23B,same,69.7
8/17/2017,164.809998,165.5,161.380005,161.470001,159.822968,13136100,$2.23B,same,69.7
8/18/2017,163.669998,164.360001,159.639999,161.5,159.852676,15030100,$2.23B,same,69.7
8/21/2017,162.490005,162.949997,157.369995,159.149994,157.526611,15591800,$2.23B,same,69.7
8/22/2017,160.490005,162.789993,159.710007,162.550003,161.0336,11261400,$2.23B,same,69.7
8/23/2017,161.199997,166.25,160.850006,165.800003,164.253296,14488000,$2.23B,same,69.7
8/24/2017,167.100006,167.279999,164.119995,165.190002,163.648987,11742500,$2.23B,same,69.7
8/25/2017,166.169998,166.580002,163.550003,163.809998,162.281876,8930000,$2.23B,same,69.7
8/28/2017,164.580002,165.100006,162.330002,164.970001,163.431015,9737400,$2.23B,same,69.7
8/29/2017,162.589996,165.580002,162.259995,164.699997,163.163559,8102400,$2.23B,same,69.7
8/30/2017,165.5,166.130005,164.270004,165.679993,164.134384,9610000,$2.23B,same,69.7
8/31/2017,166.5,169.600006,166.199997,169.440002,167.859344,15317100,$2.23B,same,69.7
9/1/2017,169.949997,171.899994,169.600006,170.460007,168.869812,11135800,$2.23B,same,69.7
9/5/2017,168.380005,168.580002,163.559998,165.910004,164.362274,17384100,$2.23B,same,69.7
9/6/2017,167.240005,167.800003,164.399994,165.809998,164.263184,9941800,$2.23B,same,69.7
9/7/2017,166.490005,167.889999,164.949997,166.580002,165.026016,8821700,$2.23B,same,69.7
9/8/2017,166.110001,166.710007,162.710007,163.690002,162.162964,12471400,$2.23B,same,69.7
9/11/2017,165.539993,169.429993,165.320007,169,167.423431,14186100,$2.23B,same,69.7
9/12/2017,170,170,166.970001,169.610001,168.02774,10287200,$2.23B,same,69.7
9/13/2017,168.589996,171.539993,167.279999,170.369995,168.780655,14524000,$2.23B,same,69.7
9/14/2017,168.789993,172.559998,167.800003,169.399994,167.819687,12842800,$2.23B,same,69.7
9/15/2017,172.860001,180.110001,172.649994,180.110001,178.429779,34119800,$2.23B,same,69.7
9/18/2017,185.139999,191.199997,184.860001,187.550003,185.800385,42111500,$2.23B,same,69.7
9/19/2017,185.509995,189.850006,184.619995,187.350006,185.602219,21857000,$2.23B,same,69.7
9/20/2017,187.5,189.419998,184.210007,185.839996,184.106339,18123000,$2.23B,same,69.7
9/21/2017,181.639999,182.699997,177.610001,180.759995,179.0737,26890000,$2.23B,same,69.7
9/22/2017,180.300003,182.309998,178.600006,179,177.330139,12280800,$2.23B,same,69.7
9/25/2017,177.75,177.800003,170.160004,171,169.4048,21864500,$2.23B,same,69.7
9/26/2017,176.449997,178.679993,170.350006,171.960007,170.355835,28140500,$2.23B,same,69.7
9/27/2017,175.619995,176.270004,172.75,175.729996,174.090637,17843000,$2.23B,same,69.7
9/28/2017,176.020004,176.179993,173.759995,175.679993,174.041122,10881100,$2.23B,same,69.7
9/29/2017,179.080002,179.729996,177.25,178.770004,177.10228,15477300,$2.23B,same,69.7
10/2/2017,180.800003,181.979996,177,179,177.330139,12587000,$2.23B,same,69.7
10/3/2017,179.25,180.580002,177.580002,179.369995,177.696686,9758300,$2.23B,same,69.7
10/4/2017,179.619995,181.770004,178.139999,180.869995,179.182693,10696200,$2.23B,same,69.7
10/5/2017,181.860001,182,179.559998,180.770004,179.083633,10934100,$2.23B,same,69.7
10/6/2017,179.649994,181.839996,179,181.300003,179.608688,7970000,$2.23B,same,69.7
10/9/2017,182.789993,186.729996,182.029999,185.389999,183.660522,14087300,$2.23B,same,69.7
10/10/2017,191.429993,192.949997,187.259995,188.929993,187.167511,24371900,$2.23B,same,69.7
10/11/2017,189.600006,191,187.740005,190.940002,189.158768,13237700,$2.23B,same,69.7
10/12/2017,191.080002,193.089996,189.929993,191.029999,189.247925,13207300,$2.23B,same,69.7
10/13/2017,193.550003,195,191.649994,194.589996,192.774719,15718200,$2.23B,same,69.7
10/16/2017,195.800003,198.050003,193.240005,197.929993,196.083527,14416000,$2.23B,same,69.7
10/17/2017,197.089996,198.899994,196.350006,197.75,195.905212,11964900,$2.23B,same,69.7
10/18/2017,198.110001,198.139999,193.320007,197.580002,195.736801,14182900,$2.23B,same,69.7
10/19/2017,194.440002,198,192.449997,197.800003,195.954758,14269300,$2.23B,same,69.7
10/20/2017,198.490005,199.589996,196.539993,196.899994,195.063141,11290500,$2.23B,same,69.7
10/23/2017,197.779999,198.850006,195.800003,196.619995,194.785767,10717400,$2.23B,same,69.7
10/24/2017,196.990005,198.75,195.940002,198.679993,196.826553,10181100,$2.23B,same,69.7
10/25/2017,197.080002,199.220001,191.169998,193.660004,191.853378,20704000,$2.23B,same,69.7
10/26/2017,194.779999,196.160004,193.809998,195.690002,193.864441,8068600,$2.23B,same,69.7
10/27/2017,197.800003,201.869995,196.75,201.860001,199.976868,14304800,$2.23B,same,69.7
10/30/2017,201.860001,206.089996,201.220001,203.839996,201.938431,12601400,$2.23B,same,69.7
10/31/2017,205.130005,207.889999,204.899994,206.809998,204.880692,10297700,$2.23B,same,69.7
11/1/2017,209.350006,209.970001,204.600006,207.199997,205.26709,12564400,$2.23B,same,69.7
11/2/2017,206,207.809998,203.649994,205.940002,204.018814,8557700,$2.23B,same,69.7
11/3/2017,207.199997,208.690002,205.339996,208.690002,206.743149,8841000,$2.23B,same,69.7
11/6/2017,207.199997,209.979996,206.699997,209.630005,207.674408,9748600,$2.23B,same,69.7
11/7/2017,210.550003,212.899994,210.059998,212.029999,210.052017,10692500,$2.23B,same,69.7
11/8/2017,211.850006,212,207.240005,209.160004,207.208771,13074700,$2.23B,same,69.7
11/9/2017,205.270004,206.330002,200.369995,205.320007,203.404633,24464100,$2.64B,same,72.8
11/10/2017,213.080002,218.669998,211.630005,216.139999,214.123672,31331400,$2.64B,same,72.8
11/13/2017,216.139999,217.169998,212.009995,212.630005,210.646454,14559400,$2.64B,same,72.8
11/14/2017,213,214.800003,211.229996,214.179993,212.181946,13232300,$2.64B,same,72.8
11/15/2017,211.949997,212,207.800003,209.979996,208.021133,12548700,$2.64B,same,72.8
11/16/2017,212.979996,214.199997,211.25,211.610001,209.635925,11044200,$2.64B,same,72.8
11/17/2017,213.919998,215.350006,210.75,211.360001,209.38826,12891600,$2.64B,same,72.8
11/20/2017,211.990005,214.570007,210.5,214.080002,212.082886,9902500,$2.64B,same,72.8
11/21/2017,215.690002,216.520004,214.399994,216.050003,214.034546,9979400,$2.64B,same,72.8
11/22/2017,217,217,213.610001,214.929993,213.072861,8916000,$2.64B,same,72.8
11/24/2017,215.589996,217,214.600006,216.960007,215.085358,4518800,$2.64B,same,72.8
11/27/2017,217.309998,217.360001,214.009995,214.139999,212.289734,10572400,$2.64B,same,72.8
11/28/2017,214.350006,214.729996,208.240005,210.710007,208.889343,12818800,$2.64B,same,72.8
11/29/2017,210.009995,210.119995,191.229996,196.419998,194.722794,34919700,$2.64B,same,72.8
11/30/2017,199.199997,202.679993,196.649994,200.710007,198.975739,20594200,$2.64B,same,72.8
12/1/2017,199.309998,200.130005,192.470001,197.679993,195.971939,20288700,$2.64B,same,72.8
12/4/2017,200.050003,200.300003,184.5,186.660004,185.04715,31021100,$2.64B,same,72.8
12/5/2017,182.399994,192.699997,180.580002,187.740005,186.117844,24537200,$2.64B,same,72.8
12/6/2017,185.699997,190.139999,184.839996,189.259995,187.62468,11675800,$2.64B,same,72.8
12/7/2017,191.960007,193.600006,190.119995,191.990005,190.3311,13565000,$2.64B,same,72.8
12/8/2017,194.009995,194.779999,191.149994,191.490005,189.835449,11671900,$2.64B,same,72.8
12/11/2017,192.059998,194.779999,191.419998,194.660004,192.978027,9318700,$2.64B,same,72.8
12/12/2017,192.899994,193.839996,189.889999,190.839996,189.191025,11375400,$2.64B,same,72.8
12/13/2017,192.5,192.550003,185.880005,186.179993,184.571289,13857000,$2.64B,same,72.8
12/14/2017,185.919998,189.339996,184.600006,186.470001,184.858826,10954100,$2.64B,same,72.8
12/15/2017,188.25,192.380005,185.619995,191.559998,189.904831,16750900,$2.64B,same,72.8
12/18/2017,193.199997,198.020004,192,197.899994,196.190033,11942600,$2.64B,same,72.8
12/19/2017,197.520004,197.729996,194.960007,196.110001,194.415497,9327500,$2.64B,same,72.8
12/20/2017,197.699997,198.070007,194.550003,196.800003,195.099548,7220500,$2.64B,same,72.8
12/21/2017,196.940002,197.949997,195.550003,195.889999,194.197388,7522600,$2.64B,same,72.8
12/22/2017,194.399994,195.649994,191.25,195.270004,193.582733,11656900,$2.64B,same,72.8
12/26/2017,193.029999,197.75,191.820007,197.440002,195.733994,8877000,$2.64B,same,72.8
12/27/2017,196.899994,199.970001,196.309998,197.169998,195.466339,8237200,$2.64B,same,72.8
12/28/2017,198.130005,199.380005,197.149994,197.399994,195.694351,6006200,$2.64B,same,72.8
12/29/2017,198.460007,198.460007,193.5,193.5,191.828033,6999100,$2.64B,same,72.8
1/2/2018,195.779999,199.5,194.5,199.350006,197.627533,8890400,$2.64B,same,72.8
1/3/2018,204.100006,213.699997,203.75,212.470001,210.634125,22867600,$2.64B,same,72.8
1/4/2018,215.759995,218.050003,212.690002,213.589996,211.744446,14581700,$2.64B,same,72.8
1/5/2018,214.190002,216.910004,211.080002,215.399994,213.538834,14503100,$2.64B,same,72.8
1/8/2018,220.399994,225,218.580002,222,220.081818,22030400,$2.64B,same,72.8
1/9/2018,222.220001,223.820007,218.639999,221.940002,220.022339,12425000,$2.64B,same,72.8
1/10/2018,218.199997,223.820007,216,223.679993,221.747299,14566600,$2.64B,same,72.8
1/11/2018,225,226.270004,223.210007,224.080002,222.143845,10150800,$2.64B,same,72.8
1/12/2018,223.600006,224.990005,221.339996,222.979996,221.053345,8997900,$2.64B,same,72.8
1/16/2018,224.050003,227.509995,216.690002,220.110001,218.20813,17558700,$2.64B,same,72.8
1/17/2018,220.699997,225.119995,216.899994,224.720001,222.778305,13460200,$2.64B,same,72.8
1/18/2018,223.940002,226.639999,222.679993,224.440002,222.500702,10215800,$2.64B,same,72.8
1/19/2018,228.089996,231.089996,227,230.110001,228.121704,15234500,$2.64B,same,72.8
1/22/2018,230.429993,233.759995,228.100006,233.690002,231.670822,13773600,$2.64B,same,72.8
1/23/2018,235.850006,239.830002,235.100006,238.910004,236.845673,11880700,$2.64B,same,72.8
1/24/2018,239.039993,240.490005,233.550003,235.800003,233.762558,14499300,$2.64B,same,72.8
1/25/2018,238,239.75,235.75,236.350006,234.3078,10247100,$2.64B,same,72.8
1/26/2018,238.119995,243.339996,237.600006,243.330002,241.227524,12908900,$2.64B,same,72.8
1/29/2018,242.740005,248.110001,240.610001,246.850006,244.717087,11377900,$2.64B,same,72.8
1/30/2018,241.110001,246.419998,238.410004,242.720001,240.622772,14270800,$2.64B,same,72.8
1/31/2018,245.770004,249.270004,244.449997,245.800003,243.676147,11964400,$2.64B,same,72.8
2/1/2018,238.520004,246.899994,238.059998,240.5,238.421951,12980600,$2.64B,same,72.8
2/2/2018,237,237.970001,231.169998,233.520004,231.502258,17961600,$2.64B,same,72.8
2/5/2018,227,233.229996,205,213.699997,211.8535,29130100,$2.64B,same,72.8
2/6/2018,204.399994,225.699997,204,225.580002,223.63089,27870000,$2.64B,same,72.8
2/7/2018,229.580002,234.970001,226.699997,228.800003,226.823029,20073300,$2.64B,same,72.8
2/8/2018,233.880005,235.220001,217.509995,217.520004,215.640518,28600000,$2.91B,same,66.3
2/9/2018,238.25,238.889999,217.520004,232.080002,230.074707,41865100,$2.91B,same,66.3
2/12/2018,235.360001,235.479996,225.029999,228.029999,226.059677,27329300,$2.91B,same,66.3
2/13/2018,226.559998,234.5,225.25,232.630005,230.61998,15638100,$2.91B,same,66.3
2/14/2018,231,242.589996,230.550003,241.419998,239.334,18624700,$2.91B,same,66.3
2/15/2018,244.789993,248.369995,241.520004,246.5,244.370087,17472500,$2.91B,same,66.3
2/16/2018,245.399994,250,243.470001,243.839996,241.733078,15941400,$2.91B,same,66.3
2/20/2018,244.75,251.869995,244.600006,249.080002,246.927811,17156000,$2.91B,same,66.3
2/21/2018,251.690002,251.970001,241.360001,241.509995,239.423233,22307300,$2.91B,same,66.3
2/22/2018,242.729996,245.630005,239.5,242.149994,240.206879,13359100,$2.91B,same,66.3
2/23/2018,244.570007,245.929993,242.520004,245.929993,243.956558,10382500,$2.91B,same,66.3
2/26/2018,247.800003,247.979996,244.059998,246.580002,244.601334,11732800,$2.91B,same,66.3
2/27/2018,245.5,248.910004,245.130005,246.059998,244.08551,11385900,$2.91B,same,66.3
2/28/2018,246.5,248.100006,241.529999,242,240.05809,13077900,$2.91B,same,66.3
3/1/2018,241.910004,244.089996,228.119995,232.210007,230.34668,26003000,$2.91B,same,66.3
3/2/2018,227.860001,236.800003,221.850006,236.539993,234.641907,22835700,$2.91B,same,66.3
3/5/2018,234.509995,237.25,229.520004,235.649994,233.759048,15519400,$2.91B,same,66.3
3/6/2018,239.100006,242.940002,237.360001,242.160004,240.216766,15920200,$2.91B,same,66.3
3/7/2018,238,243.949997,237.949997,241.839996,239.899353,14530200,$2.91B,same,66.3
3/8/2018,242.949997,242.949997,239.389999,241.179993,239.244659,10297800,$2.91B,same,66.3
3/9/2018,243.100006,245.850006,242.449997,245.330002,243.361359,12638100,$2.91B,same,66.3
3/12/2018,247,253,246.669998,249.759995,247.755814,15126500,$2.91B,same,66.3
3/13/2018,251.490005,254.5,246.039993,247.710007,245.72226,15494300,$2.91B,same,66.3
3/14/2018,249.449997,250.550003,246.220001,248.740005,246.744019,12637400,$2.91B,same,66.3
3/15/2018,249.289993,252.619995,247.639999,249.339996,247.339188,10048800,$2.91B,same,66.3
3/16/2018,250,251.25,248.479996,250.479996,248.470032,9986400,$2.91B,same,66.3
3/19/2018,248.179993,249.350006,237,241,239.066086,17844300,$2.91B,same,66.3
3/20/2018,241.119995,251.149994,241.119995,249.580002,247.577255,13867400,$2.91B,same,66.3
3/21/2018,249.320007,252,247.330002,248.559998,246.565445,10967200,$2.91B,same,66.3
3/22/2018,246,247.880005,240.339996,241.850006,239.909286,13779900,$2.91B,same,66.3
3/23/2018,242.399994,242.5,232.520004,232.970001,231.10054,18390500,$2.91B,same,66.3
3/26/2018,238,244.529999,235.899994,244.479996,242.518188,15285600,$2.91B,same,66.3
3/27/2018,247.75,250,219.850006,225.520004,223.710312,35225000,$2.91B,same,66.3
3/28/2018,224.130005,229.389999,217,221.350006,219.573807,23647600,$2.91B,same,66.3
3/29/2018,224.110001,235.5,220.699997,231.589996,229.731628,22915700,$2.91B,same,66.3
4/2/2018,228.740005,234.649994,217.5,221.050003,219.276199,23052300,$2.91B,same,66.3
4/3/2018,227.800003,230.350006,221.350006,225.350006,223.541687,16685800,$2.91B,same,66.3
4/4/2018,215.009995,226.660004,214,226.240005,224.424561,19729200,$2.91B,same,66.3
4/5/2018,228.600006,229.130005,218.490005,221.380005,219.603546,17531000,$2.91B,same,66.3
4/6/2018,217.229996,221.600006,213.070007,214.25,212.530762,16574700,$2.91B,same,66.3
4/9/2018,216.800003,221.970001,214.600006,215.410004,213.681427,12488100,$2.91B,same,66.3
4/10/2018,224.720001,229,222.410004,227.910004,226.081131,19041900,$2.91B,same,66.3
4/11/2018,227.309998,228.979996,224.919998,226.240005,224.424561,11506100,$2.91B,same,66.3
4/12/2018,230,235.320007,228.210007,234.600006,232.717468,14848000,$2.91B,same,66.3
4/13/2018,237.169998,237.509995,229.550003,231.5,229.642349,12575900,$2.91B,same,66.3
4/16/2018,231.770004,232.839996,227.679993,231.490005,229.632431,8769800,$2.91B,same,66.3
4/17/2018,233.600006,238.399994,231.350006,237.539993,235.63385,11180600,$2.91B,same,66.3
4/18/2018,235.5,239.25,232.770004,236.369995,234.473267,9784100,$2.91B,same,66.3
4/19/2018,231.75,233.100006,226.800003,229.039993,227.202072,11799900,$2.91B,same,66.3
4/20/2018,228.690002,232.100006,227.449997,228.710007,226.874741,9655000,$2.91B,same,66.3
4/23/2018,229.429993,231.5,222.830002,223.880005,222.083496,10687700,$2.91B,same,66.3
4/24/2018,224.919998,228.800003,218.559998,221.199997,219.425003,10364900,$2.91B,same,66.3
4/25/2018,220,221.580002,210.300003,216.660004,214.921448,14712300,$2.91B,same,66.3
4/26/2018,223.199997,225.550003,220.529999,225.220001,223.412735,9395600,$2.91B,same,66.3
4/27/2018,229.5,230.300003,224.619995,226.330002,224.51384,10021200,$2.91B,same,66.3
4/30/2018,226.990005,229,224.119995,224.899994,223.095322,8196100,$2.91B,same,66.3
5/1/2018,224.570007,227.25,222.199997,227.139999,225.317337,6344700,$2.91B,same,66.3
5/2/2018,227,228.800003,225.25,226.309998,224.494003,6706200,$2.91B,same,66.3
5/3/2018,227.600006,234.050003,225.770004,232.990005,231.120377,11078600,$2.91B,same,66.3
5/4/2018,231.830002,239.190002,231.130005,239.059998,237.141647,10016500,$2.91B,same,66.3
5/7/2018,243.289993,250.990005,242.889999,248.679993,246.684494,17190400,$2.91B,same,66.3
5/8/2018,248.690002,250.509995,246.710007,250.399994,248.390671,12665400,$2.91B,same,66.3
5/9/2018,251.210007,255.869995,250.110001,255.779999,253.727509,14919000,$2.91B,same,66.3
5/10/2018,257.920013,260.5,257.200012,260.130005,258.042603,24852000,$3.21B,,65.1
5/11/2018,252.779999,259.790009,250.539993,254.529999,252.487518,30361400,$3.21B,,65.1
5/14/2018,256.070007,258.48999,254.399994,255.360001,253.310898,13078500,$3.21B,,65.1
5/15/2018,252.789993,252.899994,241.5,245.559998,243.589539,24088200,$3.21B,,65.1
5/16/2018,244,248.520004,242.509995,246.009995,244.035889,13845700,$3.21B,,65.1
5/17/2018,246.080002,251.5,245.429993,247.710007,245.72226,12994600,$3.21B,,65.1
5/18/2018,249.809998,252.369995,245.740005,245.940002,243.966461,12092900,$3.21B,,65.1
5/21/2018,249.880005,250.029999,240.490005,244.240005,242.28009,16015600,$3.21B,,65.1
5/22/2018,244.779999,245.800003,240.25,242.699997,240.752457,12956600,$3.21B,,65.1
5/23/2018,240.279999,247.589996,240.25,247.539993,245.70546,11073900,$3.21B,,65.1
5/24/2018,247.389999,249.399994,245.240005,247.690002,245.85437,10934300,$3.21B,,65.1
5/25/2018,248.199997,249.940002,246.759995,249.279999,247.432587,7302800,$3.21B,,65.1
5/29/2018,248.550003,251.339996,246.699997,248.589996,246.747742,8817100,$3.21B,,65.1
5/30/2018,249.949997,253.339996,248.949997,252.990005,251.115082,9774900,$3.21B,,65.1
5/31/2018,251.699997,255.199997,251.270004,252.190002,250.321014,12346700,$3.21B,,65.1
6/1/2018,254,257.869995,253.649994,257.619995,255.710724,10549200,$3.21B,,65.1
6/4/2018,259,265.73999,257.700012,264.850006,262.887207,16050600,$3.21B,,65.1
6/5/2018,264.980011,266.589996,263.170013,265.070007,263.105591,9792800,$3.21B,,65.1
6/6/2018,261.429993,265.279999,260.769989,265.149994,263.184998,9283900,$3.21B,,65.1
6/7/2018,265,265.480011,259.25,262.899994,260.951691,9236200,$3.21B,,65.1
6/8/2018,259.959991,264,259.200012,262.279999,260.336273,9011400,$3.21B,,65.1
6/11/2018,261.769989,263.450012,260.100006,260.619995,258.688538,6634300,$3.21B,,65.1
6/12/2018,261.690002,263.070007,259.660004,262.579987,260.634064,7979000,$3.21B,,65.1
6/13/2018,262.640015,265.670013,262.029999,262.399994,260.455353,8455200,$3.21B,,65.1
6/14/2018,264.220001,269.200012,263.619995,266.910004,264.931946,10750400,$3.21B,,65.1
6/15/2018,264.600006,267.480011,263.350006,265.26001,263.294189,10806500,$3.21B,,65.1
6/18/2018,263.480011,265.799988,262.380005,265.089996,263.125427,8906700,$3.21B,,65.1
6/19/2018,260.920013,263.640015,255.020004,260.170013,258.241913,14873300,$3.21B,,65.1
6/20/2018,261.829987,264.450012,260.279999,262.309998,260.365997,9244500,$3.21B,,65.1
6/21/2018,263.600006,264.339996,256.799988,257.109985,255.204559,8987900,$3.21B,,65.1
6/22/2018,257.950012,258.48999,250.330002,250.949997,249.09021,10854000,$3.21B,,65.1
6/25/2018,246.649994,246.800003,235.539993,239.119995,237.34787,16645400,$3.21B,,65.1
6/26/2018,243.699997,245.649994,239.910004,241.990005,240.196609,11972100,$3.21B,,65.1
6/27/2018,243.75,246.429993,235.5,235.720001,233.973068,11347300,$3.21B,,65.1
6/28/2018,235.320007,241.339996,235.009995,240.860001,239.074982,8450300,$3.21B,,65.1
6/29/2018,243.490005,244,236.850006,236.899994,235.144302,9807500,$3.21B,,65.1
7/2/2018,234.089996,242.389999,233.259995,242.240005,240.444748,8939300,$3.21B,,65.1
7/3/2018,243.639999,243.880005,236.5,236.839996,235.084763,5568300,$3.21B,,65.1
7/5/2018,239.070007,242.929993,237.5,242.729996,240.931122,7655400,$3.21B,,65.1
7/6/2018,241.740005,247.669998,240.880005,247.330002,245.497025,7408800,$3.21B,,65.1
7/9/2018,250.330002,250.720001,246.070007,249.25,247.402802,7597000,$3.21B,,65.1
7/10/2018,249.75,254.139999,248.119995,253.25,251.373154,9000400,$3.21B,,65.1
7/11/2018,249.5,250.899994,247.100006,247.529999,245.695572,9187700,$3.21B,,65.1
7/12/2018,249.360001,253.169998,248.960007,251.229996,249.368149,8637700,$3.21B,,65.1
7/13/2018,251.979996,251.979996,247.619995,249.320007,247.472305,6174700,$3.21B,,65.1
7/16/2018,248.199997,250.339996,247.699997,248.199997,246.360596,4925900,$3.21B,,65.1
7/17/2018,246.210007,254.300003,245.179993,253.690002,251.809906,9053400,$3.21B,,65.1
7/18/2018,253.389999,253.949997,249.639999,251.699997,249.834656,6941000,$3.21B,,65.1
7/19/2018,250.940002,253.389999,250.330002,252.029999,250.162216,5893800,$3.21B,,65.1
7/20/2018,251.929993,253.5,250.449997,250.889999,249.03067,5558800,$3.21B,,65.1
7/23/2018,249.820007,249.889999,243.279999,249.410004,247.56163,7539600,$3.21B,,65.1
7/24/2018,251.350006,254.850006,248,248.710007,246.866806,8865500,$3.21B,,65.1
7/25/2018,249.089996,252.380005,246.75,251.869995,250.003403,7977800,$3.21B,,65.1
7/26/2018,251.059998,256.329987,250.380005,254.839996,252.951385,8128100,$3.21B,,65.1
7/27/2018,256.320007,256.600006,249.839996,252.020004,250.152298,7385500,$3.21B,,65.1
7/30/2018,252.589996,252.830002,242.720001,244.130005,242.32074,8508500,$3.21B,,65.1
7/31/2018,243.710007,247.880005,242.139999,244.860001,243.045349,7099700,$3.21B,,65.1
8/1/2018,246.130005,248.360001,243.889999,246.470001,244.643387,7088900,$3.21B,,65.1
8/2/2018,243.589996,250.779999,241.210007,250.619995,248.762665,6741700,$3.21B,,65.1
8/3/2018,251.610001,253.059998,250.929993,252.100006,250.231689,5357200,$3.21B,,65.1
8/6/2018,251.589996,254.169998,249.710007,254.029999,252.1474,5187700,$3.21B,,65.1
8/7/2018,256,257.700012,254.919998,256.950012,255.045746,6453300,$3.21B,,65.1
8/8/2018,257,260.23999,255.589996,258.420013,256.504883,6552500,$3.21B,,65.1
8/9/2018,259.140015,259.25,256.149994,256.459991,254.559357,5107000,$3.21B,,65.1
8/10/2018,253.149994,256.100006,252.699997,254.789993,252.901733,6409900,$3.21B,,65.1
8/13/2018,255.139999,261,255.070007,256.119995,254.221893,9380200,$3.21B,,65.1
8/14/2018,260.380005,262,257.019989,261.429993,259.492523,11655500,$3.21B,,65.1
8/15/2018,262.269989,263.640015,255.899994,259.079987,257.159943,14778400,$3.21B,,65.1
8/16/2018,261.899994,262,255.009995,257.440002,255.532074,20031500,$3.12B,same,63.9
8/17/2018,252.940002,252.970001,243.729996,244.820007,243.005646,28579700,$3.12B,same,63.9
8/20/2018,243.179993,253.199997,238.720001,247.839996,246.003265,21359700,$3.12B,same,63.9
8/21/2018,248.5,253.5,247.699997,253.320007,251.442657,16849700,$3.12B,same,63.9
8/22/2018,252,263.019989,251.860001,262.820007,260.872223,18746400,$3.12B,same,63.9
8/23/2018,261.26001,269.480011,260.700012,266.839996,264.862427,18017100,$3.12B,same,63.9
8/24/2018,267.179993,272.809998,267,272.220001,270.202606,13287800,$3.12B,same,63.9
8/27/2018,273.420013,278.899994,272.149994,275.899994,273.855286,12644400,$3.12B,same,63.9
8/28/2018,275.660004,276.579987,269.529999,274.380005,272.346588,11884600,$3.12B,same,63.9
8/29/2018,273.920013,279.5,273.079987,278.48999,276.577301,10502700,$3.12B,same,63.9
8/30/2018,277.230011,281.720001,276.320007,277.809998,275.902008,8665200,$3.12B,same,63.9
8/31/2018,277,281.200012,276.600006,280.679993,278.752258,7664800,$3.12B,same,63.9
9/4/2018,280.149994,285.220001,279,283.700012,281.751526,9793000,$3.12B,same,63.9
9/5/2018,282.98999,284.420013,275.149994,278.420013,276.507782,9828900,$3.12B,same,63.9
9/6/2018,277.76001,277.859985,271.390015,272.720001,270.846924,8069900,$3.12B,same,63.9
9/7/2018,269,276.929993,267.190002,271.859985,269.992828,7385500,$3.12B,same,63.9
9/10/2018,272.769989,275.929993,271,274.730011,272.843201,5503500,$3.12B,same,63.9
9/11/2018,272.859985,276.399994,272.019989,272.799988,270.926422,6077800,$3.12B,same,63.9
9/12/2018,271.190002,271.980011,261.920013,268.200012,266.358002,10477300,$3.12B,same,63.9
9/13/2018,270.859985,275,270.160004,271.339996,269.47641,7638400,$3.12B,same,63.9
9/14/2018,274.98999,279.100006,273.5,276.429993,274.531403,9673400,$3.12B,same,63.9
9/17/2018,275.399994,277.380005,273.149994,273.929993,272.048676,5138200,$3.12B,same,63.9
9/18/2018,274.089996,278.23999,270.75,271.019989,269.158569,7488000,$3.12B,same,63.9
9/19/2018,270.269989,272.700012,268.25,271.980011,270.112091,5621500,$3.12B,same,63.9
9/20/2018,267.049988,268.76001,264.100006,266.279999,264.451141,10764600,$3.12B,same,63.9
9/21/2018,266.76001,268.600006,262.109985,263.450012,261.640594,10878200,$3.12B,same,63.9
9/24/2018,262.200012,265.839996,258.679993,265.700012,263.875183,7347800,$3.12B,same,63.9
9/25/2018,268.369995,269.420013,264.910004,268.410004,266.566559,7009700,$3.12B,same,63.9
9/26/2018,268.609985,270.23999,266.279999,266.920013,265.086761,6713700,$3.12B,same,63.9
9/27/2018,268.339996,269.200012,266.130005,267.399994,265.563507,5360700,$3.12B,same,63.9
9/28/2018,272.730011,281.920013,271.600006,281.019989,279.089905,17734900,$3.12B,same,63.9
10/1/2018,284.160004,292.059998,282.600006,289.359985,287.37262,15551500,$3.12B,same,63.9
10/2/2018,288.25,292.76001,285.579987,286.480011,284.512482,9599100,$3.12B,same,63.9
10/3/2018,289.320007,289.619995,282.529999,286.730011,284.760712,8013800,$3.12B,same,63.9
10/4/2018,285.269989,286.25,276.179993,279.290009,277.371826,9780500,$3.12B,same,63.9
10/5/2018,278.290009,280.799988,267.540009,269.859985,268.006592,10665900,$3.12B,same,63.9
10/8/2018,266.5,271.160004,260.079987,265.769989,263.944641,10215300,$3.12B,same,63.9
10/9/2018,264.940002,268.76001,262.799988,265.540009,263.716278,6837500,$3.12B,same,63.9
10/10/2018,261.26001,263.109985,245.600006,245.690002,244.002609,17123500,$3.12B,same,63.9
10/11/2018,242.169998,247.559998,234.259995,235.130005,233.515121,18135900,$3.12B,same,63.9
10/12/2018,245.509995,249.539993,239.649994,246.539993,244.846741,15205900,$3.12B,same,63.9
10/15/2018,246,246,235.339996,235.380005,233.763412,11244000,$3.12B,same,63.9
10/16/2018,239.929993,246.279999,237.940002,245.830002,244.141617,10217800,$3.12B,same,63.9
10/17/2018,248.339996,249.880005,241.080002,243.059998,241.39064,8241700,$3.12B,same,63.9
10/18/2018,245.860001,247.410004,237.089996,239.529999,237.884872,13100500,$3.12B,same,63.9
10/19/2018,241.759995,242.550003,227.699997,229.169998,227.596054,15340200,$3.12B,same,63.9
10/22/2018,231.279999,235.320007,227.070007,231.220001,229.631973,9221100,$3.12B,same,63.9
10/23/2018,220.429993,224.190002,216.710007,221.059998,219.541733,15660900,$3.12B,same,63.9
10/24/2018,219.509995,221.389999,198.850006,199.410004,198.040436,22107200,$3.12B,same,63.9
10/25/2018,195.470001,209.75,193.679993,207.839996,206.412537,23793000,$3.12B,same,63.9
10/26/2018,198.309998,204.839996,193.119995,198.289993,196.928116,16619600,$3.12B,same,63.9
10/29/2018,203.990005,204.130005,176.009995,185.619995,184.345139,18950400,$3.12B,same,63.9
10/30/2018,186.550003,203.399994,185.619995,203,201.605789,20179800,$3.12B,same,63.9
10/31/2018,209.649994,212.589996,204.009995,210.830002,209.381989,18644300,$3.12B,same,63.9
11/1/2018,212.300003,218.490005,207.190002,218.110001,216.612015,14163200,$3.12B,same,63.9
11/2/2018,217.729996,222,210.210007,214.919998,213.443909,11324000,$3.12B,same,63.9
11/5/2018,214.389999,215.330002,205.279999,211.770004,210.315552,9483300,$3.18B,,74.3
11/6/2018,211.449997,214.850006,209.559998,211.059998,209.610413,7475300,$3.18B,,74.3
11/7/2018,213.75,217.410004,211.179993,213.789993,212.321686,12095300,$3.18B,,74.3
11/8/2018,211.399994,211.429993,203.830002,205.990005,204.575256,12783800,$3.18B,,74.3
11/9/2018,202.399994,209.320007,201.039993,205.669998,204.257431,10331000,$3.18B,,74.3
11/12/2018,201.979996,202.869995,188.660004,189.539993,188.238205,15427900,$3.18B,,74.3
11/13/2018,193.490005,204.210007,193.240005,199.309998,197.941116,16117800,$3.18B,,74.3
11/14/2018,206.300003,206.880005,192.830002,197.190002,195.835678,13164500,$3.18B,,74.3
11/15/2018,196.949997,205.300003,195.5,202.389999,200.999985,21017700,$3.18B,,74.3
11/16/2018,163.320007,170.660004,161.610001,164.429993,163.300705,49088000,$3.18B,,74.3
11/19/2018,161.789993,161.820007,144.630005,144.699997,143.706207,42445500,$3.18B,,74.3
11/20/2018,134.059998,154.259995,133.309998,149.080002,148.056122,42300800,$3.18B,,74.3
11/21/2018,154.619995,155.300003,143.610001,144.710007,143.71611,25637400,$3.18B,,74.3
11/23/2018,143.309998,149.589996,142.789993,145,144.004135,10299200,$3.18B,,74.3
11/26/2018,149.889999,153.470001,146.559998,153.050003,151.998856,20370800,$3.18B,,74.3
11/27/2018,152,157.009995,150.550003,153.729996,152.674149,18451500,$3.18B,,74.3
11/28/2018,158.479996,160.279999,153.130005,160.070007,158.970642,20113100,$3.18B,,74.3
11/29/2018,160,161.5,156.139999,157.360001,156.435608,13729300,$3.18B,,74.3
11/30/2018,157.75,163.860001,155.720001,163.429993,162.469925,18239100,$3.18B,,74.3
12/3/2018,172.600006,174.679993,167.339996,170.039993,169.041122,22270100,$3.18B,,74.3
12/4/2018,168.240005,168.440002,156.5,157.110001,156.187057,20302800,$3.18B,,74.3
12/6/2018,151.440002,158.490005,150.809998,158.289993,157.360153,17307700,$3.18B,,74.3
12/7/2018,158.460007,158.869995,145.619995,147.610001,146.742889,17041900,$3.18B,,74.3
12/10/2018,145.800003,152.860001,145.649994,151.860001,150.967926,15736800,$3.18B,,74.3
12/11/2018,155.559998,155.889999,145,148.190002,147.319489,16797800,$3.18B,,74.3
12/12/2018,148.419998,152.779999,144.820007,148.899994,148.025299,16353400,$3.18B,,74.3
12/13/2018,150.789993,153.380005,147.440002,148.889999,148.015381,11784600,$3.18B,,74.3
12/14/2018,147.210007,150.589996,145.5,146.449997,145.589676,11795500,$3.18B,,74.3
12/17/2018,145.240005,148.149994,141.240005,143.580002,142.736572,16571700,$3.18B,,74.3
12/18/2018,145.350006,150.330002,144.25,146.940002,146.076828,14109300,$3.18B,,74.3
12/19/2018,145.580002,147.740005,136.429993,138.509995,137.69635,18634100,$3.18B,,74.3
12/20/2018,138.169998,141.800003,132.690002,135.100006,134.306381,18739700,$3.18B,,74.3
12/21/2018,136.169998,137.5,128.460007,129.570007,128.808868,21593500,$3.18B,,74.3
12/24/2018,126.489998,129.979996,124.5,127.080002,126.333488,11596000,$3.18B,,74.3
12/26/2018,128.940002,133.139999,124.459999,133.100006,132.31813,17377500,$3.18B,,74.3
12/27/2018,130.990005,132.380005,125.18,131.169998,130.399475,15926100,$3.18B,,74.3
12/28/2018,132,137.389999,130.309998,133.649994,132.864899,15718200,$3.18B,,74.3
12/31/2018,135.399994,136.710007,132.259995,133.5,132.715775,11628500,$3.18B,,74.3
1/2/2019,130.639999,138.479996,130.050003,136.220001,135.4198,12718800,$3.18B,,74.3
1/3/2019,133.789993,135.160004,127.690002,127.989998,127.238136,17638800,$3.18B,,74.3
1/4/2019,130.940002,137.729996,129.699997,136.190002,135.389999,14640500,$3.18B,,74.3
1/7/2019,138.5,144.889999,136.429993,143.399994,142.557602,17729000,$3.18B,,74.3
1/8/2019,146.690002,146.779999,136.899994,139.830002,139.008575,19650400,$3.18B,,74.3
1/9/2019,141.899994,144.490005,139.860001,142.580002,141.742432,15431500,$3.18B,,74.3
1/10/2019,141.800003,145.580002,139.360001,145.229996,144.376877,13078900,$3.18B,,74.3
1/11/2019,144.330002,149.75,143.210007,148.830002,147.955704,21869100,$3.18B,,74.3
1/14/2019,146.720001,151.460007,145.770004,150.440002,149.556259,18254200,$3.18B,,74.3
1/15/2019,151.759995,153.350006,149.130005,149.869995,148.989609,15425300,$3.18B,,74.3
1/16/2019,150.970001,152.300003,148.619995,148.839996,147.965652,11752600,$3.18B,,74.3
1/17/2019,147.509995,153.330002,146.410004,151.720001,150.828751,12335900,$3.18B,,74.3
1/18/2019,153.729996,157.979996,151.649994,156.929993,156.008118,16283400,$3.18B,,74.3
1/22/2019,155.710007,156.179993,147.550003,148.770004,147.896057,16538800,$3.18B,,74.3
1/23/2019,151,154.580002,148.029999,149.289993,148.41301,14775500,$3.18B,,74.3
1/24/2019,152.699997,158.550003,152.509995,157.839996,156.912781,17724300,$3.18B,,74.3
1/25/2019,155.440002,160.880005,151.300003,160.149994,159.209213,28864300,$3.18B,,74.3
1/28/2019,136.550003,141.639999,131,138.009995,137.199295,62788200,$3.18B,,74.3
1/29/2019,136.149994,138.100006,131.009995,131.600006,130.82695,28848300,$3.18B,,74.3
1/30/2019,134.669998,137.970001,131.460007,137.389999,136.582947,24355700,$3.18B,,74.3
1/31/2019,137.259995,145.190002,136.380005,143.75,142.905533,21071300,$3.18B,,74.3
2/1/2019,144.5,146.789993,142.580002,144.729996,143.879791,15626200,$3.18B,,74.3
2/4/2019,145.369995,150.679993,144.479996,149.179993,148.30365,13214800,$3.18B,,74.3
2/5/2019,149.660004,151.429993,148.300003,149.949997,149.069122,13560600,$3.18B,,74.3
2/6/2019,151.289993,155.600006,151.070007,153,152.101227,17561600,$3.18B,,74.3
2/7/2019,151.130005,151.220001,145.690002,147.419998,146.554016,15928000,$3.18B,,74.3
2/8/2019,144.710007,148.600006,144.130005,148.169998,147.299576,11540100,$3.18B,,74.3
2/11/2019,146.389999,148.580002,144.5,146.449997,145.589676,12379500,$3.18B,,74.3
2/12/2019,148,151.800003,147.419998,151.169998,150.281967,14776500,$3.18B,,74.3
2/13/2019,152.360001,155.830002,151.809998,152.880005,151.981918,15134300,$3.18B,,74.3
2/14/2019,152.839996,155.669998,151.100006,154.529999,153.622269,20681600,$2.21B,down,81.2
2/15/2019,162.949997,163.869995,156.419998,157.339996,156.415741,37918700,$2.21B,down,81.2
2/19/2019,156.910004,159.889999,156.139999,156.639999,155.719833,13797300,$2.21B,down,81.2
2/20/2019,157.820007,161.259995,157.369995,158.550003,157.618622,13524700,$2.21B,down,81.2
2/21/2019,159.059998,160.050003,155.179993,155.770004,154.854965,11213700,$2.21B,down,81.2
2/22/2019,157.860001,159.949997,157.309998,159.190002,158.254868,10043500,$2.21B,down,81.2
2/25/2019,162.559998,165.279999,158.339996,158.690002,157.757797,16400500,$2.21B,down,81.2
2/26/2019,158.5,160.759995,155.75,157.100006,156.177155,12211600,$2.21B,down,81.2
2/27/2019,156.520004,157.589996,153.110001,155.410004,154.497086,12506400,$2.21B,down,81.2
2/28/2019,155,155.899994,153.360001,154.259995,153.511871,8123600,$2.21B,down,81.2
3/1/2019,156.270004,158.149994,153.919998,156.449997,155.691238,8929700,$2.21B,down,81.2
3/4/2019,158,158.919998,154.5,156.779999,156.019653,10249800,$2.21B,down,81.2
3/5/2019,156.149994,158.059998,153.960007,156.520004,155.760925,9073100,$2.21B,down,81.2
3/6/2019,156.160004,156.5,151.940002,152.050003,151.312592,10088100,$2.21B,down,81.2
3/7/2019,151.100006,151.490005,147.399994,149.259995,148.536102,11252600,$2.21B,down,81.2
3/8/2019,145.660004,151.070007,144.800003,150.639999,149.909439,10560400,$2.21B,down,81.2
3/11/2019,151.589996,162.059998,149.690002,161.139999,160.35849,21493200,$2.21B,down,81.2
3/12/2019,162.259995,164.389999,159.190002,162.520004,161.731812,14489400,$2.21B,down,81.2
3/13/2019,164.029999,169.800003,163.729996,168.619995,167.802216,19222500,$2.21B,down,81.2
3/14/2019,168.990005,169.470001,165.25,165.559998,164.757065,12984600,$2.21B,down,81.2
3/15/2019,167.300003,171.529999,167.160004,169.809998,168.986435,16537100,$2.21B,down,81.2
3/18/2019,171.080002,173.25,167.860001,168.949997,168.13063,12174800,$2.21B,down,81.2
3/19/2019,172.759995,177.5,172.080002,175.710007,174.857864,21374300,$2.21B,down,81.2
3/20/2019,176.880005,179.029999,173,174.399994,173.554199,17978700,$2.21B,down,81.2
3/21/2019,175.330002,185,175.130005,183.940002,183.047928,20607800,$2.21B,down,81.2
3/22/2019,182.839996,184.800003,176.940002,177.5,176.639145,18691100,$2.21B,down,81.2
3/25/2019,175.860001,178.449997,171.110001,173.779999,172.937195,13130300,$2.21B,down,81.2
3/26/2019,179.490005,181.75,174.600006,176.869995,176.012192,17587700,$2.21B,down,81.2
3/27/2019,177.899994,179.770004,173.699997,176.5,175.644012,11859300,$2.21B,down,81.2
3/28/2019,177.550003,179.899994,175.110001,177.25,176.390381,12006600,$2.21B,down,81.2
3/29/2019,179.940002,180.539993,177.910004,179.559998,178.689148,11422400,$2.21B,down,81.2
4/1/2019,183.259995,183.5,180.369995,182.279999,181.395966,12095600,$2.21B,down,81.2
4/2/2019,183.25,184.789993,181.520004,183,182.112503,11023000,$2.21B,down,81.2
4/3/2019,185,191,184.800003,188.619995,187.705215,19587600,$2.21B,down,81.2
4/4/2019,188,189.970001,185.729996,188.259995,187.34697,11434400,$2.21B,down,81.2
4/5/2019,190,191.649994,188.529999,190.949997,190.023911,12043600,$2.21B,down,81.2
4/8/2019,189.720001,192.800003,188.75,191.789993,190.859848,10604800,$2.21B,down,81.2
4/9/2019,190.440002,190.889999,187.559998,189.259995,188.342102,10999300,$2.21B,down,81.2
4/10/2019,189.229996,193.139999,189.050003,192.100006,191.16835,11119300,$2.21B,down,81.2
4/11/2019,192.199997,193.470001,189.550003,191.539993,190.611053,9365000,$2.21B,down,81.2
4/12/2019,193.100006,193.259995,189.660004,190.009995,189.088486,11792700,$2.21B,down,81.2
4/15/2019,189.699997,189.899994,183.100006,184.699997,183.804214,11002300,$2.21B,down,81.2
4/16/2019,186.279999,188.970001,184.960007,188.210007,187.297226,9874100,$2.21B,down,81.2
4/17/2019,189.619995,190.460007,186.389999,187.289993,186.381683,8775100,$2.21B,down,81.2
4/18/2019,187.559998,188.929993,185.179993,186.300003,185.396484,9524700,$2.21B,down,81.2
4/22/2019,185.350006,189.100006,184.080002,188.470001,187.555984,6998400,$2.21B,down,81.2
4/23/2019,189,191.929993,188.610001,190.669998,189.745255,8671400,$2.21B,down,81.2
4/24/2019,191.089996,192.809998,188.639999,191.169998,190.242874,7955100,$2.21B,down,81.2
4/25/2019,189.550003,190.449997,183.699997,186.910004,186.00351,12482400,$2.21B,down,81.2
4/26/2019,180.710007,180.889999,173.300003,178.089996,177.226303,21724700,$2.21B,down,81.2
4/29/2019,178.410004,180.449997,175.5,179.330002,178.460297,9798000,$2.21B,down,81.2
4/30/2019,178.029999,182.029999,177.259995,181,180.122192,9073000,$2.21B,down,81.2
5/1/2019,183.110001,184.809998,180.460007,180.470001,179.594757,8857000,$2.21B,down,81.2
5/2/2019,180.860001,184.869995,179.119995,183.190002,182.301544,9867100,$2.21B,down,81.2
5/3/2019,183.529999,183.929993,180.529999,183.009995,182.122437,8420600,$2.21B,down,81.2
5/6/2019,175.5,180.339996,174,179.850006,178.977753,10554400,$2.21B,down,81.2
5/7/2019,177.899994,177.899994,171.169998,173.110001,172.270447,13880500,$2.21B,down,81.2
5/8/2019,172,177.149994,171.520004,173.919998,173.076523,10479200,$2.21B,down,81.2
5/9/2019,171.139999,171.529999,165.399994,170.190002,169.364609,16506200,$2.21B,down,81.2
5/10/2019,168.949997,171.589996,164,168.820007,168.001251,14237500,$2.21B,down,81.2
5/13/2019,163.5,164.429993,157.809998,158.449997,157.681549,16422800,$2.21B,down,81.2
5/14/2019,160.050003,163.460007,158.490005,162.039993,161.25415,13122000,$2.21B,down,81.2
5/15/2019,159.800003,161.050003,157.410004,159.580002,158.806046,12558000,$2.21B,down,81.2
5/16/2019,159.360001,161.910004,157.649994,160.190002,159.413132,19527200,$2.22B,same,77.33
5/17/2019,158.5,163.710007,154.940002,156.529999,155.770859,25551700,$2.22B,same,77.33
5/20/2019,152.550003,154.770004,150.75,151.75,151.014023,14301600,$2.22B,same,77.33
5/21/2019,154.199997,155.699997,152.639999,155.059998,154.307999,9046200,$2.22B,same,77.33
5/22/2019,153.5,154.550003,151.759995,152.199997,151.461868,8146700,$2.22B,same,77.33
5/23/2019,149.690002,149.690002,144.910004,147.320007,146.605545,14796100,$2.22B,same,77.33
5/24/2019,148.080002,149.5,144.880005,145.149994,144.446045,8939600,$2.22B,same,77.33
5/28/2019,145.860001,147.179993,143.25,143.330002,142.634888,10708900,$2.22B,same,77.33
5/29/2019,141.410004,142.820007,138.940002,140.339996,139.659378,13995000,$2.22B,same,77.33
5/30/2019,140.309998,141.75,137.570007,139.110001,138.593353,9857500,$2.22B,same,77.33
5/31/2019,137.139999,139.850006,135.389999,135.460007,134.956924,9743000,$2.22B,same,77.33
6/3/2019,135.910004,137.470001,132.600006,133.779999,133.283157,11966100,$2.22B,same,77.33
6/4/2019,136.360001,143.210007,135.470001,143,142.468933,16045900,$2.22B,same,77.33
6/5/2019,145.970001,146.190002,139.820007,141.279999,140.75531,12790400,$2.22B,same,77.33
6/6/2019,141.449997,144.770004,141.350006,143.779999,143.246033,10203500,$2.22B,same,77.33
6/7/2019,144.020004,146.880005,143.25,145.5,144.959625,8721400,$2.22B,same,77.33
6/10/2019,147.759995,151.190002,147.759995,148.429993,147.878738,10069500,$2.22B,same,77.33
6/11/2019,150.839996,152.360001,149.160004,150.75,150.190109,9596800,$2.22B,same,77.33
6/12/2019,149,149.25,145.589996,146.199997,145.657013,8972300,$2.22B,same,77.33
6/13/2019,147.089996,149,146.380005,148.259995,147.709366,7702000,$2.22B,same,77.33
6/14/2019,144.509995,145.490005,142.839996,144.639999,144.102814,9860700,$2.22B,same,77.33
6/17/2019,144.570007,146.520004,143.649994,145.029999,144.491348,6901000,$2.22B,same,77.33
6/18/2019,147.5,155.110001,147.059998,152.880005,152.312225,14548000,$2.22B,same,77.33
6/19/2019,154.300003,154.759995,152.070007,153.119995,152.551315,8291100,$2.22B,same,77.33
6/20/2019,156.770004,157.330002,153.520004,154.100006,153.527695,8754200,$2.22B,same,77.33
6/21/2019,153.5,155.479996,151.5,151.759995,151.196365,10860700,$2.22B,same,77.33
6/24/2019,152.619995,153.850006,150.720001,152.660004,152.093048,7073700,$2.22B,same,77.33
6/25/2019,152.860001,155.880005,151.369995,151.479996,150.917419,7796700,$2.22B,same,77.33
6/26/2019,156.610001,161.720001,156.089996,159.259995,158.668518,14601800,$2.22B,same,77.33
6/27/2019,162.710007,164,161.259995,163.229996,162.623764,11136000,$2.22B,same,77.33
6/28/2019,165,165.369995,162.350006,164.229996,163.620056,9941700,$2.22B,same,77.33
7/1/2019,172.570007,173.949997,164.660004,166.169998,165.552841,17743900,$2.22B,same,77.33
7/2/2019,165.5,166.350006,161.699997,162.229996,161.627487,10005700,$2.22B,same,77.33
7/3/2019,163.169998,163.399994,160.339996,162.75,162.145569,6165900,$2.22B,same,77.33
7/5/2019,160.399994,160.580002,157.679993,160.229996,159.634918,9913800,$2.22B,same,77.33
7/8/2019,157.830002,158.589996,156,157.210007,156.62616,8244700,$2.22B,same,77.33
7/9/2019,155.509995,158.440002,155,157.309998,156.725769,8571500,$2.22B,same,77.33
7/10/2019,159.059998,162.369995,158.5,160.059998,159.465561,11301900,$2.22B,same,77.33
7/11/2019,163,167.919998,161.5,166.279999,165.66246,17064000,$2.22B,same,77.33
7/12/2019,167.399994,170.470001,167.399994,167.610001,166.987518,12659800,$2.22B,same,77.33
7/15/2019,168.460007,169.110001,166.130005,167.270004,166.648758,7246000,$2.22B,same,77.33
7/16/2019,166.669998,168.169998,164.839996,167.080002,166.459488,8536100,$2.22B,same,77.33
7/17/2019,167.149994,169.990005,165.970001,169.710007,169.079712,8705100,$2.22B,same,77.33
7/18/2019,170.130005,172.710007,167.850006,170.179993,169.547974,11054800,$2.22B,same,77.33
7/19/2019,171.720001,171.979996,168.199997,168.440002,167.814423,8622400,$2.22B,same,77.33
7/22/2019,169.300003,171.839996,169,171.320007,170.683746,7898500,$2.22B,same,77.33
7/23/2019,172.899994,175.740005,172.270004,175.660004,175.007629,10704400,$2.22B,same,77.33
7/24/2019,177.399994,178.889999,174.339996,178.660004,177.99649,9155900,$2.22B,same,77.33
7/25/2019,176.990005,177.5,172.440002,173.380005,172.736084,9817500,$2.22B,same,77.33
7/26/2019,174.470001,176.949997,174.470001,175.070007,174.4198,6854000,$2.22B,same,77.33
7/29/2019,174.779999,175.470001,171.270004,174.820007,174.170761,6204000,$2.22B,same,77.33
7/30/2019,172.949997,175.940002,172.369995,175.449997,174.798401,4944300,$2.22B,same,77.33
7/31/2019,174.179993,174.220001,167.020004,168.720001,168.093384,8985400,$2.22B,same,77.33
8/1/2019,169.139999,172.779999,162.820007,164.919998,164.30751,10530300,$2.22B,same,77.33
8/2/2019,161.190002,163.979996,159.279999,161.190002,160.59137,10708700,$2.22B,same,77.33
8/5/2019,153.800003,153.850006,148.899994,150.789993,150.229965,14728900,$2.22B,same,77.33
8/6/2019,153.800003,155.630005,150.429993,152.350006,151.784195,9031800,$2.22B,same,77.33
8/7/2019,149.899994,154.369995,149.199997,153.889999,153.318481,9314000,$2.22B,same,77.33
8/8/2019,156.210007,158.309998,153.899994,158.259995,157.672226,7732500,$2.22B,same,77.33
8/9/2019,156.610001,156.75,152.149994,154.179993,153.607391,8545400,$2.22B,same,77.33
8/12/2019,152.080002,154.179993,150.570007,151.449997,150.887527,6980000,$2.22B,same,77.33
8/13/2019,151.389999,157.899994,149.820007,156.050003,155.470444,8798900,$2.22B,same,77.33
8/14/2019,152.5,152.949997,148.309998,150.070007,149.51265,10497000,$2.22B,same,77.33
8/15/2019,150.830002,151.630005,147.389999,148.770004,148.217484,11930000,$2.58B,same,68
8/16/2019,159.350006,161.539993,156.880005,159.559998,158.967422,25199000,$2.58B,same,68
8/19/2019,164.119995,171.419998,163.470001,170.779999,170.145752,20377800,$2.58B,same,68
8/20/2019,170.559998,170.580002,167.020004,167.869995,167.246536,11579700,$2.58B,same,68
8/21/2019,170.529999,173.449997,169.660004,171.229996,170.594055,10681100,$2.58B,same,68
8/22/2019,171.619995,173.330002,169.899994,171.479996,170.843124,7587200,$2.58B,same,68
8/23/2019,168.399994,170.589996,161.639999,162.440002,161.836716,14201400,$2.58B,same,68
8/26/2019,165.610001,166.580002,163.910004,165.449997,164.835541,7955200,$2.58B,same,68
8/27/2019,166.990005,167.100006,160.619995,161.800003,161.199081,7274200,$2.58B,same,68
8/28/2019,160.580002,163.339996,159,161.220001,160.780228,6390300,$2.58B,same,68
8/29/2019,164.899994,168.300003,164.759995,167,166.544479,8949400,$2.58B,same,68
8/30/2019,168.860001,170.860001,166.779999,167.509995,167.053085,7265400,$2.58B,same,68
9/3/2019,164.580002,165.910004,163.25,164.169998,163.722183,7403500,$2.58B,same,68
9/4/2019,166.610001,169.059998,166.610001,168.759995,168.299683,5693200,$2.58B,same,68
9/5/2019,172.869995,179.990005,172.800003,179.740005,179.249725,17391900,$2.58B,same,68
9/6/2019,178.800003,181.089996,177.119995,178.649994,178.162704,9424400,$2.58B,same,68
9/9/2019,179.899994,183.979996,179.839996,180.5,180.00766,10438100,$2.58B,same,68
9/10/2019,179.179993,184.25,178.789993,183.179993,182.680344,8820300,$2.58B,same,68
9/11/2019,183.770004,186.270004,182.600006,184.330002,183.827209,9037800,$2.58B,same,68
9/12/2019,186.199997,188.399994,183.949997,184.270004,183.767365,8196000,$2.58B,same,68
9/13/2019,181.589996,183.080002,180.179993,181.940002,181.443741,8114800,$2.58B,same,68
9/16/2019,178.919998,181.600006,178.5,180.210007,179.71843,5795800,$2.58B,same,68
9/17/2019,180.479996,181.240005,178.610001,181.070007,180.576111,5576200,$2.58B,same,68
9/18/2019,180.789993,181.419998,176.5,179.979996,179.489059,6453800,$2.58B,same,68
9/19/2019,180.220001,180.960007,176.509995,176.940002,176.457367,6136900,$2.58B,same,68
9/20/2019,176.899994,177.850006,172.279999,172.690002,172.218964,8756100,$2.58B,same,68
9/23/2019,172.699997,176.669998,172.550003,174.839996,174.363098,6242800,$2.58B,same,68
9/24/2019,176.100006,177.289993,171.100006,172.529999,172.059387,7931700,$2.58B,same,68
9/25/2019,172.509995,179.020004,170.710007,178.229996,177.743835,7710800,$2.58B,same,68
9/26/2019,177.839996,178.190002,175.289993,177.339996,176.856277,5864100,$2.58B,same,68
9/27/2019,175.660004,177.699997,169.320007,171.759995,171.291473,9051400,$2.58B,same,68
9/30/2019,172.800003,174.479996,171.539993,174.070007,173.595215,4654600,$2.58B,same,68
10/1/2019,175,181,173.809998,174,173.525375,9150200,$2.58B,same,68
10/2/2019,173.119995,173.600006,170.130005,173.039993,172.567993,7334300,$2.58B,same,68
10/3/2019,173.220001,181.559998,172,181.309998,180.815445,11264700,$2.58B,same,68
10/4/2019,181.399994,183.149994,178.779999,181.970001,181.473633,6638100,$2.58B,same,68
10/7/2019,184.580002,188.339996,184.229996,184.330002,183.827209,12024600,$2.58B,same,68
10/8/2019,180.639999,180.639999,176.5,177.229996,176.746552,11110900,$2.58B,same,68
10/9/2019,180.320007,182.699997,179.160004,180.710007,180.217087,7310300,$2.58B,same,68
10/10/2019,180.619995,185.080002,180.410004,183.029999,182.530746,7728100,$2.58B,same,68
10/11/2019,186.410004,189.339996,185.649994,185.990005,185.482681,11160100,$2.58B,same,68
10/14/2019,185.639999,187.369995,184.389999,186.529999,186.02121,5001000,$2.58B,same,68
10/15/2019,190.160004,199.289993,189.600006,196.369995,195.834351,16603100,$2.58B,same,68
10/16/2019,195,199.220001,193.75,194.210007,193.680252,10723600,$2.58B,same,68
10/17/2019,196,197.809998,192.100006,194.289993,193.760025,6585900,$2.58B,same,68
10/18/2019,194.309998,195.619995,187.5,190.490005,189.970413,7686000,$2.58B,same,68
10/21/2019,192.960007,196.550003,192.199997,196.009995,195.475342,6546700,$2.58B,same,68
10/22/2019,198.300003,202.529999,195.300003,195.610001,195.076431,8218000,$2.58B,same,68
10/23/2019,192.309998,195.660004,191.029999,195.089996,194.557831,6997900,$2.58B,same,68
10/24/2019,196.75,198.210007,195.380005,196.860001,196.323029,5800500,$2.58B,same,68
10/25/2019,200.100006,205.380005,199.789993,204.539993,203.982071,10577300,$2.58B,same,68
10/28/2019,206.300003,208.899994,205.119995,206.789993,206.225922,8269800,$2.58B,same,68
10/29/2019,206.229996,206.490005,202.139999,202.919998,202.366486,5280900,$2.58B,same,68
10/30/2019,204,204.229996,200.259995,203,202.446259,5149000,$2.58B,same,68
10/31/2019,202.160004,203,197.809998,201.020004,200.47168,5243300,$2.58B,same,68
11/1/2019,199.600006,203.889999,198.589996,202.589996,202.037384,7091000,$2.58B,same,68
11/4/2019,205.850006,211,204.919998,210.5,209.925827,9417900,$2.58B,same,68
11/5/2019,210.490005,211.539993,207.679993,209.610001,209.038254,7521700,$2.58B,same,68
11/6/2019,208.639999,209.669998,204.110001,207.630005,207.06366,6725300,$2.58B,same,68
11/7/2019,211.110001,211.699997,206.539993,208.339996,207.771698,7008500,$2.58B,same,68
11/8/2019,207.660004,209.050003,206.149994,207.779999,207.213226,4727500,$2.58B,same,68
11/11/2019,207.75,209.110001,204.279999,208.179993,207.612137,6085900,$2.58B,same,68
11/12/2019,209.720001,211.860001,208.309998,209.610001,209.038254,7087600,$2.58B,same,68
11/13/2019,208.350006,209.460007,205.899994,208.570007,208.001083,7504700,$2.58B,same,68
11/14/2019,208.929993,209.880005,206.520004,209.789993,209.217743,12952000,$3.01B,down,73
11/15/2019,209.699997,211.779999,200.639999,204.190002,203.633041,26340700,$3.01B,down,73
11/18/2019,203.889999,213.350006,203.770004,212.279999,211.700958,14364700,$3.01B,down,73
11/19/2019,211.029999,211.979996,205.649994,207.990005,207.422668,10364100,$3.01B,down,73
11/20/2019,207.070007,214.550003,206.559998,211.179993,210.603943,11814700,$3.01B,down,73
11/21/2019,211,213.240005,209.309998,210.179993,209.606689,7209700,$3.01B,down,73
11/22/2019,211.089996,212.960007,209.940002,210.889999,210.314758,5602500,$3.01B,down,73
11/25/2019,216.039993,221.410004,215.520004,221.210007,220.606628,12661900,$3.01B,down,73
11/26/2019,220.5,220.690002,216.740005,217,216.408096,9631100,$3.01B,down,73
11/27/2019,218.669998,220.050003,217.179993,218.240005,217.805313,5394600,$3.01B,down,73
11/29/2019,217,218.139999,215.779999,216.740005,216.308304,3538900,$3.01B,down,73
12/2/2019,216.460007,217,208.639999,209.25,208.833206,9300900,$3.01B,down,73
12/3/2019,201.869995,207.820007,200.369995,207.660004,207.246368,11630800,$3.01B,down,73
12/4/2019,211.020004,211.919998,208.270004,209.419998,209.002838,6835600,$3.01B,down,73
12/5/2019,210.300003,210.929993,207.509995,208.740005,208.324249,4622100,$3.01B,down,73
12/6/2019,211.520004,213.490005,211.119995,212.169998,211.747375,5805900,$3.01B,down,73
12/9/2019,211.25,214.369995,210.899994,212.169998,211.747375,5297000,$3.01B,down,73
12/10/2019,213.380005,216.059998,211.259995,213.979996,213.553772,6409700,$3.01B,down,73
12/11/2019,214.399994,217.559998,214.300003,217.339996,216.907074,5844900,$3.01B,down,73
12/12/2019,216.179993,224.800003,215.820007,224.070007,223.623688,10108700,$3.01B,down,73
12/13/2019,224.190002,228.979996,221.820007,223.990005,223.543854,11367600,$3.01B,down,73
12/16/2019,225.899994,228.059998,224.770004,225.149994,224.701538,8024400,$3.01B,down,73
12/17/2019,225.899994,229.199997,225.520004,228.289993,227.835281,8029900,$3.01B,down,73
12/18/2019,229.690002,231.940002,229.350006,229.509995,229.052841,8588700,$3.01B,down,73
12/19/2019,230.899994,236,230.699997,235.460007,234.990997,11134000,$3.01B,down,73
12/20/2019,238.130005,240.389999,237.360001,239.369995,238.893219,15076100,$3.01B,down,73
12/23/2019,240.520004,241.809998,238.389999,238.820007,238.344284,8876500,$3.01B,down,73
12/24/2019,238.199997,239.309998,236.820007,238.619995,238.144684,3471600,$3.01B,down,73
12/26/2019,238.759995,240.320007,238,239.190002,238.713562,4571300,$3.01B,down,73
12/27/2019,239.800003,240.339996,235.809998,236.869995,236.398193,6366100,$3.01B,down,73
12/30/2019,235.990005,236.199997,231.059998,232.320007,231.857269,6451400,$3.01B,down,73
12/31/2019,230.899994,235.679993,230.130005,235.300003,234.831314,5775100,$3.01B,down,73
1/2/2020,238.75,239.910004,236.720001,239.910004,239.432129,5938400,$3.01B,down,73
1/3/2020,235.100006,237.830002,234.100006,236.070007,235.599808,5134600,$3.01B,down,73
1/6/2020,232.320007,237.270004,231.270004,237.059998,236.587799,6565900,$3.01B,down,73
1/7/2020,238.199997,241.770004,236.389999,239.929993,239.452087,7871400,$3.01B,down,73
1/8/2020,239.759995,242.039993,238.149994,240.380005,239.901199,6927700,$3.01B,down,73
1/9/2020,243.850006,245.929993,240.860001,243.020004,242.53595,6377800,$3.01B,down,73
1/10/2020,247.330002,248.550003,243.75,244.320007,243.833359,7907400,$3.01B,down,73
1/13/2020,247.660004,252.990005,246.75,251.979996,251.478104,7996000,$3.01B,down,73
1/14/2020,250.259995,251.279999,246.75,247.279999,246.78746,8977200,$3.01B,down,73
1/15/2020,247.789993,248.690002,244.529999,245.570007,245.080872,6577600,$3.01B,down,73
1/16/2020,247.720001,249.169998,246.779999,248.929993,248.434158,7104800,$3.01B,down,73
1/17/2020,249.699997,250,247.369995,249.279999,248.783463,6344800,$3.01B,down,73
1/21/2020,247.809998,249.289993,246.570007,247.940002,247.446136,5447900,$3.01B,down,73
1/22/2020,249.759995,253.589996,249,250.110001,249.611801,5981000,$3.01B,down,73
1/23/2020,251.720001,253.199997,248.149994,252.860001,252.356323,6112900,$3.01B,down,73
1/24/2020,257.5,259.5,248.300003,250.479996,249.981079,9337800,$3.01B,down,73
1/27/2020,238.240005,242.25,232.229996,240.199997,239.721542,11763400,$3.01B,down,73
1/28/2020,242.850006,249.270004,240.710007,247.970001,247.476089,7774400,$3.01B,down,73
1/29/2020,247.389999,248.839996,243.940002,245.539993,245.050934,6471200,$3.01B,down,73
1/30/2020,241.610001,246.350006,239.399994,245.809998,245.320358,7262600,$3.01B,down,73
1/31/2020,243.970001,244.449997,234.75,236.429993,235.959076,9260500,$3.01B,down,73
2/3/2020,235.699997,241.110001,235.449997,240.330002,239.851288,6389100,$3.01B,down,73
2/4/2020,246.029999,247.899994,244.020004,247.130005,246.637772,6788600,$3.01B,down,73
2/5/2020,251.990005,252.399994,247.410004,250.759995,250.260513,5205500,$3.01B,down,73
2/6/2020,252.139999,254.25,248.880005,254.25,253.743576,5457100,$3.01B,down,73
2/7/2020,252.639999,253.529999,250.570007,251.589996,251.088867,4743800,$3.01B,down,73
2/10/2020,252.5,263,252.300003,262.970001,262.446198,13240200,$3.01B,down,73
2/11/2020,267.320007,272.5,264.829987,267.890015,267.356415,15963900,$3.01B,down,73
2/12/2020,270.01001,272.799988,268.450012,272.540009,271.997131,9366100,$3.01B,down,73
2/13/2020,270.209991,273.480011,269.109985,270.779999,270.240631,13200400,$3.11B,,69
2/14/2020,287.26001,294.970001,286,289.790009,289.212769,26048100,$3.11B,,69
2/18/2020,285.640015,297.309998,284.859985,296.570007,295.979309,15504100,$3.11B,,69
2/19/2020,301.48999,315.410004,301.48999,314.700012,314.073212,17358300,$3.11B,,69
2/20/2020,312.769989,316.320007,296.350006,308.700012,308.085175,20251300,$3.11B,,69
2/21/2020,304.190002,305.200012,290.660004,294.070007,293.484253,19204500,$3.11B,,69
2/24/2020,270.190002,281.869995,268,273.279999,272.735657,21422900,$3.11B,,69
2/25/2020,276.299988,278.790009,257.959991,262.049988,261.528015,26387400,$3.11B,,69
2/26/2020,262.059998,275.450012,262,267.649994,267.116882,18693300,$3.11B,,69
2/27/2020,254.899994,267,248.889999,252.600006,252.24765,22660400,$3.11B,,69
2/28/2020,242.460007,272.459991,241.789993,270.070007,269.693268,28331300,$3.11B,,69
3/2/2020,276.899994,277.589996,261,276.429993,276.044434,22268600,$3.11B,,69
3/3/2020,278.670013,281.070007,262.459991,265.890015,265.519135,16319800,$3.11B,,69
3/4/2020,270.200012,284.890015,267.200012,284.51001,284.113159,14935200,$3.11B,,69
3/5/2020,276.5,283.200012,271.5,273.290009,272.908783,13508200,$3.11B,,69
3/6/2020,266.079987,268.390015,258,266.040009,265.668884,12885300,$3.11B,,69
3/9/2020,239.899994,259.399994,238.179993,245.440002,245.097641,15354000,$3.11B,,69
3/10/2020,256.540009,261.079987,245.990005,261.079987,260.71579,14516200,$3.11B,,69
3/11/2020,255.460007,256.600006,242.570007,246.470001,246.126205,12499100,$3.11B,,69
3/12/2020,225.460007,236.119995,215.800003,216.309998,216.00827,20413500,$3.11B,,69
3/13/2020,230.5,241.020004,219.610001,240.839996,240.504059,15870900,$3.11B,,69
3/16/2020,212.410004,226.100006,194,196.399994,196.126038,18174300,$3.11B,,69
3/17/2020,200.910004,220.860001,191,217.270004,216.966934,20840800,$3.11B,,69
3/18/2020,200.100006,209.940002,180.679993,202.820007,202.537109,21856700,$3.11B,,69
3/19/2020,201.960007,216.729996,193.389999,212.970001,212.672913,19137800,$3.11B,,69
3/20/2020,219,230.320007,205.130005,205.75,205.462982,20115900,$3.11B,,69
3/23/2020,205.710007,216.479996,198.520004,212.690002,212.393311,16096900,$3.11B,,69
3/24/2020,229,252.660004,228.050003,249.179993,248.832397,27541100,$3.11B,,69
3/25/2020,253.800003,261.820007,243.660004,245.619995,245.277374,19835800,$3.11B,,69
3/26/2020,253.940002,262.220001,250,257.23999,256.881134,17402700,$3.11B,,69
3/27/2020,250,263.119995,248.679993,252.729996,252.377472,15970700,$3.11B,,69
3/30/2020,255.360001,265.959991,253.589996,265.589996,265.219543,15056300,$3.11B,,69
3/31/2020,267.200012,275.399994,257.75,263.600006,263.2323,23749000,$3.11B,,69
4/1/2020,255.649994,261.529999,241.279999,243.070007,242.730927,16422800,$3.11B,,69
4/2/2020,244.240005,256,242.309998,255.470001,255.113647,16894100,$3.11B,,69
4/3/2020,253.960007,255.630005,238.389999,243.910004,243.569763,16580300,$3.11B,,69
4/6/2020,255.240005,269.880005,252.929993,268.399994,268.025574,18197100,$3.11B,,69
4/7/2020,277.299988,278.25,257.299988,259.029999,258.668671,19613000,$3.11B,,69
4/8/2020,263.410004,267.950012,260.600006,266.950012,266.577637,13561100,$3.11B,,69
4/9/2020,272,272.920013,260.420013,262.950012,262.583221,13139100,$3.11B,,69
4/13/2020,260.549988,270.200012,257,269.850006,269.473572,9960200,$3.11B,,69
4/14/2020,275,285.320007,273.890015,283.950012,283.553894,13273700,$3.11B,,69
4/15/2020,277.200012,284.170013,275.380005,280.839996,280.448242,9153700,$3.11B,,69
4/16/2020,287.079987,299,286.549988,294.700012,294.28894,18640500,$3.11B,,69
4/17/2020,298,298.859985,286.940002,292.320007,291.912231,13478000,$3.11B,,69
4/20/2020,287.23999,293.5,285.269989,287.049988,286.649567,11234700,$3.11B,,69
4/21/2020,282.309998,284.769989,267.109985,269.51001,269.134094,18379000,$3.11B,,69
4/22/2020,277.230011,287.869995,275.399994,286.149994,285.750854,12083900,$3.11B,,69
4/23/2020,287.839996,293.140015,283,284.01001,283.613831,10604000,$3.11B,,69
4/24/2020,283.600006,289.670013,280.600006,289.589996,289.186066,8808200,$3.11B,,69
4/27/2020,294.98999,303.5,294,297.079987,296.665558,11984700,$3.11B,,69
4/28/2020,303,304.200012,291.140015,291.359985,290.953552,11072600,$3.11B,,69
4/29/2020,296.769989,300.579987,293.75,298.459991,298.043671,9479000,$3.11B,,69
4/30/2020,296.290009,298.459991,291.720001,292.279999,291.872284,9397900,$3.11B,,69
5/1/2020,284.350006,288.899994,280.839996,282.779999,282.385529,8552400,$3.11B,,69
5/4/2020,280.880005,291.839996,280.880005,291.290009,290.883667,7938900,$3.11B,,69
5/5/2020,295.470001,300.269989,291.290009,293.73999,293.330231,9222400,$3.11B,,69
5/6/2020,296.929993,302,295.410004,297.790009,297.374603,8086600,$3.11B,,69
5/7/2020,303.380005,307.410004,301.320007,304.869995,304.444733,9343300,$3.11B,,69
5/8/2020,307.75,312.75,306.390015,312.5,312.064087,8480400,$3.11B,,69
5/11/2020,312.299988,324.5,311.149994,322.619995,322.169952,11726500,$3.11B,,69
5/12/2020,324.940002,326.899994,311.709991,312.100006,311.664642,12326500,$3.11B,,69
5/13/2020,316.700012,323.140015,303.790009,311.200012,310.7659,15646300,$3.11B,,69
5/14/2020,313.670013,321.440002,307.5,321.220001,320.771942,15057800,$3.11B,,69
5/15/2020,315.589996,340.019989,314.959991,339.630005,339.156281,24691500,$3.11B,,69
5/18/2020,350.420013,356.660004,347.220001,350.01001,349.52179,19361500,$3.11B,,69
5/19/2020,351.609985,363.5,350.51001,352.220001,351.728699,17933000,$3.11B,,69
5/20/2020,359.640015,361.720001,355.549988,358.799988,358.299469,14688400,$3.11B,,69
5/21/2020,362.059998,362.100006,349.5,351.01001,350.520386,19026700,$3.08B,up,69
5/22/2020,353.01001,363.720001,348.529999,361.049988,360.546387,25969100,$3.08B,up,69
5/26/2020,366.269989,367.269989,346.880005,348.709991,348.223572,19269500,$3.08B,up,69
5/27/2020,345,345.309998,319.869995,341.01001,340.534302,29397300,$3.08B,up,69
5/28/2020,336.48999,350.420013,335.170013,339.480011,339.00647,18372400,$3.08B,up,69
5/29/2020,342.179993,355.019989,339.399994,355.019989,354.52478,18631400,$3.08B,up,69
6/1/2020,353.329987,353.630005,347.579987,352.25,351.758636,9746900,$3.08B,up,69
6/2/2020,351.850006,353.48999,346.320007,353.01001,352.517578,9783000,$3.08B,up,69
6/3/2020,352.890015,354.649994,348,350.779999,350.29068,9136000,$3.08B,up,69
6/4/2020,349.119995,357.730011,347.100006,350.660004,350.330658,10607000,$3.08B,up,69
6/5/2020,351.779999,359.880005,348.320007,356.799988,356.464874,12043700,$3.08B,up,69
6/8/2020,355.089996,355.589996,347.429993,352.200012,351.869232,9693400,$3.08B,up,69
6/9/2020,352,364.390015,350.049988,361.839996,361.500153,11712200,$3.08B,up,69
6/10/2020,366.709991,380,366.140015,374.670013,374.318115,15804500,$3.08B,up,69
6/11/2020,366,370.450012,351.440002,351.850006,351.519562,14591300,$3.08B,up,69
6/12/2020,366.5,367.48999,348.130005,357.299988,356.964386,14272700,$3.08B,up,69
6/15/2020,352.609985,367.290009,349.75,366.950012,366.605377,10000100,$3.08B,up,69
6/16/2020,369,370.670013,353.549988,362.73999,362.399323,13392900,$3.08B,up,69
6/17/2020,364.549988,371.959991,362.809998,369.440002,369.093018,10207600,$3.08B,up,69
6/18/2020,369.079987,371.299988,364.579987,368.720001,368.373718,6360200,$3.08B,up,69
6/19/2020,369.700012,377.799988,369.089996,370.450012,370.102081,13104000,$3.08B,up,69
6/22/2020,372,381.25,370.929993,381.070007,380.712097,9961700,$3.08B,up,69
6/23/2020,382.040009,385.700012,376.299988,378,377.644989,9377700,$3.08B,up,69
6/24/2020,379.049988,382.26001,365.779999,369.420013,369.073059,11234300,$3.08B,up,69
6/25/2020,374.230011,380.200012,367.290009,379.600006,379.2435,9401800,$3.08B,up,69
6/26/2020,380,380,365,366.200012,365.856079,14802100,$3.08B,up,69
6/29/2020,366.790009,368.179993,356,368,367.654388,8556200,$3.08B,up,69
6/30/2020,372.559998,381.049988,370.660004,379.910004,379.553192,9197300,$3.08B,up,69
7/1/2020,380.829987,383.029999,376.519989,381.200012,380.84198,8166200,$3.08B,up,69
7/2/2020,385.559998,389.5,383.130005,384.48999,384.128876,9101400,$3.08B,up,69
7/6/2020,389.670013,396.350006,388.5,393.570007,393.200378,7897300,$3.08B,up,69
7/7/2020,397.850006,402.799988,394.029999,394.869995,394.499115,8945000,$3.08B,up,69
7/8/2020,399.75,409,398.619995,408.640015,408.256226,9137000,$3.08B,up,69
7/9/2020,415.209991,422.799988,409.339996,420.359985,419.965179,12363700,$3.08B,up,69
7/10/2020,423.549988,426.209991,415.149994,419.170013,418.776337,12441900,$3.08B,up,69
7/13/2020,423.799988,431.690002,401,402.089996,401.712372,11426900,$3.08B,up,69
7/14/2020,403,416.109985,391.420013,415.079987,414.690155,13566900,$3.08B,up,69
7/15/2020,416.570007,417.320007,402.230011,409.089996,408.70578,10099600,$3.08B,up,69
7/16/2020,400.600006,408.269989,395.820007,405.390015,405.009247,8624100,$3.08B,up,69
7/17/2020,409.019989,409.940002,403.51001,408.059998,407.676727,6657100,$3.08B,up,69
7/20/2020,410.970001,421.25,406.269989,420.429993,420.035126,7121300,$3.08B,up,69
7/21/2020,420.519989,422.399994,411.470001,413.140015,412.751984,6925900,$3.08B,up,69
7/22/2020,414.700012,424.100006,411.660004,417.549988,417.157837,9182300,$3.08B,up,69
7/23/2020,418,421.880005,401.25,405.190002,404.809448,10291500,$3.08B,up,69
7/24/2020,395,414.589996,391.079987,407.779999,407.397003,11832300,$3.08B,up,69
7/27/2020,409.290009,417.670013,408.709991,416.859985,416.468475,7303300,$3.08B,up,69
7/28/2020,414.970001,415.279999,408.369995,408.619995,408.236237,6790900,$3.08B,up,69
7/29/2020,415.630005,420.649994,413.880005,418.619995,418.226837,7112700,$3.08B,up,69
7/30/2020,415,424.920013,411.809998,424.559998,424.161255,7722000,$3.08B,up,69
7/31/2020,422.529999,430.660004,417.320007,424.589996,424.191223,9652000,$3.08B,up,69
8/3/2020,429.299988,443.950012,428.609985,440.410004,439.996368,10318000,$3.08B,up,69
8/4/2020,442,449.109985,436.23999,449.109985,448.688171,7758400,$3.08B,up,69
8/5/2020,449.76001,454.869995,446.649994,451.470001,451.04599,6248100,$3.08B,up,69
8/6/2020,453.98999,454.320007,447.149994,453.420013,452.994171,6107900,$3.08B,up,69
8/7/2020,452.5,460.190002,441.5,447.980011,447.559265,8562900,$3.08B,up,69
8/10/2020,453.369995,456.329987,434.26001,446.600006,446.180542,10694900,$3.08B,up,69
8/11/2020,442.950012,445.470001,431.829987,434,433.592407,8862800,$3.08B,up,69
8/12/2020,439.630005,458.679993,438.329987,457.609985,457.180206,11610300,$3.08B,up,69
8/13/2020,461.839996,468.869995,454.230011,457.720001,457.290131,9361500,$3.08B,up,69
8/14/2020,461.200012,468.190002,457.619995,462.559998,462.125549,9160900,$3.08B,up,69
8/17/2020,474.049988,496.390015,472.690002,493.480011,493.01651,15532500,$3.08B,up,69
8/18/2020,498,499.839996,483.450012,490.429993,489.969391,12586200,$3.08B,up,69
8/19/2020,491.859985,492.600006,483.920013,485.540009,485.083984,15565600,$3.87B,same,78
8/20/2020,479,495,475.149994,485.640015,485.183899,23034700,$3.87B,same,78
8/21/2020,488.070007,512.349976,487.809998,507.339996,506.863495,24996700,$3.87B,same,78
8/24/2020,515.349976,516.5,500.299988,508.809998,508.332123,12264100,$3.87B,same,78
8/25/2020,505.230011,510.450012,502.950012,510,509.521027,7226900,$3.87B,same,78
8/26/2020,511.970001,514.73999,507.109985,510.920013,510.440155,8031100,$3.87B,same,78
8/27/2020,511.26001,514,502.660004,505.130005,504.655609,7940100,$3.87B,same,78
8/28/2020,507,525.919983,505.700012,525.909973,525.416077,13429000,$3.87B,same,78
8/31/2020,527.309998,543,521.51001,534.97998,534.477539,12521000,$3.87B,same,78
9/1/2020,539.200012,559.75,537.460022,552.840027,552.486084,12782900,$3.87B,same,78
9/2/2020,588.150024,589.070007,556,573.859985,573.492554,21850300,$3.87B,same,78
9/3/2020,553.150024,555.380005,515.150024,520.619995,520.286682,23628200,$3.87B,same,78
9/4/2020,511.350006,527,468.190002,504.899994,504.576691,36592100,$3.87B,same,78
9/8/2020,469.380005,502,468.170013,476.519989,476.214874,19893200,$3.87B,same,78
9/9/2020,496,512.369995,489.269989,508.600006,508.274353,18405000,$3.87B,same,78
9/10/2020,519.570007,522.609985,486.679993,492.470001,492.154694,17467100,$3.87B,same,78
9/11/2020,499.420013,506.100006,475.829987,486.579987,486.268433,15923200,$3.87B,same,78
9/14/2020,523.23999,532.599976,505.25,514.890015,514.560303,30043600,$3.87B,same,78
9/15/2020,531.200012,531.950012,513.109985,519.640015,519.307251,18188900,$3.87B,same,78
9/16/2020,518.289978,523.710022,500.549988,500.579987,500.25946,13909600,$3.87B,same,78
9/17/2020,485.290009,503.589996,481.390015,498.540009,498.220795,19812800,$3.87B,same,78
9/18/2020,503.75,505.299988,479.549988,487.570007,487.257813,17461500,$3.87B,same,78
9/21/2020,477,500.899994,476.179993,500.690002,500.369415,18026100,$3.87B,same,78
9/22/2020,503,505.920013,486.220001,505.51001,505.18631,16161300,$3.87B,same,78
9/23/2020,503.019989,509.079987,483.170013,484.950012,484.639496,16175300,$3.87B,same,78
9/24/2020,482.890015,502.779999,480.559998,493.920013,493.60376,18281000,$3.87B,same,78
9/25/2020,497.899994,515.340027,489.829987,514.950012,514.6203,14700400,$3.87B,same,78
9/28/2020,521.609985,522.070007,510,521.400024,521.066162,14345200,$3.87B,same,78
9/29/2020,517.5,537.710022,517.330017,529.030029,528.691284,15536500,$3.87B,same,78
9/30/2020,526.299988,544.900024,526.01001,541.219971,540.873413,17229600,$3.87B,same,78
10/1/2020,550.320007,550.51001,538.429993,544.580017,544.231323,13125100,$3.87B,same,78
10/2/2020,529,540.780029,522.039978,522.48999,522.155457,13812400,$3.87B,same,78
10/5/2020,529.440002,545.77002,528.909973,545.700012,545.350586,11995500,$3.87B,same,78
10/6/2020,553.200012,565.679993,546.599976,549.460022,549.108215,19610500,$3.87B,same,78
10/7/2020,559.98999,564.77002,554.539978,558.559998,558.202332,10452100,$3.87B,same,78
10/8/2020,563,563.380005,550.320007,553.549988,553.195557,9472500,$3.87B,same,78
10/9/2020,550.679993,552.969971,546.429993,550.51001,550.157532,8672300,$3.87B,same,78
10/12/2020,559.580017,573.880005,556.5,569.039978,568.675598,10868600,$3.87B,same,78
10/13/2020,571.859985,573.940002,560.75,569.929993,569.565063,8615100,$3.87B,same,78
10/14/2020,571.619995,573.710022,558.400024,563.809998,563.449036,6902500,$3.87B,same,78
10/15/2020,552.429993,560.22998,550.710022,558.799988,558.4422,6680600,$3.87B,same,78
10/16/2020,561.469971,564.859985,551.700012,552.460022,552.106323,6059800,$3.87B,same,78
10/19/2020,556.119995,559.340027,536.27002,539.909973,539.56427,7451700,$3.87B,same,78
10/20/2020,543.340027,551.98999,540.280029,545.820007,545.47052,5730300,$3.87B,same,78
10/21/2020,545,551.659973,539.099976,540.98999,540.643616,5489900,$3.87B,same,78
10/22/2020,540.900024,544.469971,529.27002,534.440002,534.097839,7262000,$3.87B,same,78
10/23/2020,538,543.72998,531.650024,543.609985,543.261902,5837100,$3.87B,same,78
10/26/2020,537.080017,547.710022,521.539978,525.650024,525.313416,8422400,$3.87B,same,78
10/27/2020,532.23999,537.679993,527.659973,535.869995,535.526917,6263000,$3.87B,same,78
10/28/2020,527.919983,530.400024,504.359985,505.079987,504.756592,9413000,$3.87B,same,78
10/29/2020,513.539978,527.710022,510,520.960022,520.626465,8002000,$3.87B,same,78
10/30/2020,514,517.460022,492,501.359985,501.038971,10420500,$3.87B,same,78
11/2/2020,506.309998,513.469971,495.799988,503.230011,502.907806,7491300,$3.87B,same,78
11/3/2020,508.339996,524.200012,504.109985,520.780029,520.446594,6822500,$3.87B,same,78
11/4/2020,535.570007,553.099976,533.47998,551.77002,551.416748,10255700,$3.87B,same,78
11/5/2020,566.5,573.559998,559.640015,566.400024,566.037354,7975700,$3.87B,same,78
11/6/2020,564.390015,583.549988,555.799988,582.47998,582.106995,9583700,$3.87B,same,78
11/9/2020,582.099976,587.659973,544.429993,545.22998,544.88092,14574400,$3.87B,same,78
11/10/2020,544.26001,544.26001,505.130005,510.799988,510.472931,16101700,$3.87B,same,78
11/11/2020,522.150024,537.400024,517.929993,536.719971,536.376343,10118600,$3.87B,same,78
11/12/2020,539.159973,550.640015,532.640015,538.27002,537.925354,9145300,$3.87B,same,78
11/13/2020,545.090027,546.75,522.369995,531.880005,531.539429,8657800,$3.87B,same,78
11/16/2020,526.900024,545.97998,526.23999,540.609985,540.263855,10344400,$3.87B,same,78
11/17/2020,542.099976,543.849976,532.150024,536.890015,536.546265,7800700,$3.87B,same,78
11/18/2020,538.609985,544.22998,527.400024,537.150024,536.806091,12773100,$4.73B,same,77
11/19/2020,528.51001,539.5,524,537.609985,537.265747,14148400,$4.73B,same,77
11/20/2020,538.159973,539.780029,522.599976,523.51001,523.174805,8527200,$4.73B,same,77
11/23/2020,526.849976,535.299988,520.619995,525.599976,525.263489,9033900,$4.73B,same,77
11/24/2020,525.700012,526.47998,515.400024,518.309998,517.978149,8662500,$4.73B,same,77
11/25/2020,521.299988,530.780029,520.799988,529.390015,529.051025,6497900,$4.73B,same,77
11/27/2020,535,536.299988,526.820007,530.450012,530.110352,4181900,$4.73B,same,77
11/30/2020,530.599976,536.5,518.890015,536.059998,535.716736,7173800,$4.73B,same,77
12/1/2020,539.690002,541.150024,529.130005,535.599976,535.257019,7423700,$4.73B,same,77
12/2/2020,534.02002,546.940002,529.369995,541.780029,541.433105,7084000,$4.73B,same,77
12/3/2020,543.5,546.400024,533.159973,535.840027,535.655151,4988000,$4.73B,same,77
12/4/2020,537.940002,542.400024,535.549988,542.330017,542.142883,5056100,$4.73B,same,77
12/7/2020,544.049988,549.25,540,544.27002,544.082214,5581100,$4.73B,same,77
12/8/2020,543.400024,543.950012,531.26001,534,533.815735,6798000,$4.73B,same,77
12/9/2020,532.02002,536.559998,514.72998,517.22998,517.051514,10032500,$4.73B,same,77
12/10/2020,514.76001,522.75,513.97998,518.890015,518.710999,5194100,$4.73B,same,77
12/11/2020,518.690002,520.799988,512.919983,520.530029,520.350403,5231600,$4.73B,same,77
12/14/2020,523.52002,535.549988,523.099976,532.349976,532.16626,6753900,$4.73B,same,77
12/15/2020,537.590027,538.559998,527.469971,534.419983,534.235596,4825400,$4.73B,same,77
12/16/2020,536.900024,537.48999,528.5,529.700012,529.517212,5577900,$4.73B,same,77
12/17/2020,534.669983,535.179993,527.140015,533.650024,533.465881,5784600,$4.73B,same,77
12/18/2020,535.159973,536.200012,522.820007,530.880005,530.696838,8551600,$4.73B,same,77
12/21/2020,522.98999,534.799988,518.700012,533.289978,533.105957,7558300,$4.73B,same,77
12/22/2020,532.77002,533.48999,522.159973,531.130005,530.946716,4639500,$4.73B,same,77
12/23/2020,530.23999,531,520.200012,520.369995,520.19043,4478600,$4.73B,same,77
12/24/2020,521.48999,525.299988,517.549988,519.75,519.570679,2447100,$4.73B,same,77
12/28/2020,522.5,522.5,510.529999,516,515.82196,5314100,$4.73B,same,77
12/29/2020,517,522.900024,513.690002,517.72998,517.551331,4259300,$4.73B,same,77
12/30/2020,519.609985,528.549988,515.869995,525.830017,525.64856,5634900,$4.73B,same,77
12/31/2020,525.460022,526.039978,516.599976,522.200012,522.019836,4810600,$4.73B,same,77
1/4/2021,524.169983,546.099976,518.5,524.539978,524.359009,14016000,$4.73B,same,77
1/5/2021,523.98999,537.73999,523.47998,536.190002,536.005005,8069000,$4.73B,same,77
1/6/2021,528.900024,529.799988,503.440002,504.579987,504.405884,14510600,$4.73B,same,77
1/7/2021,518.700012,535.109985,515.460022,533.76001,533.575806,11537000,$4.73B,same,77
1/8/2021,534.5,536.840027,521.679993,531.070007,530.88678,7313200,$4.73B,same,77
1/11/2021,536.75,558.440002,534.5,544.859985,544.671997,12958600,$4.73B,same,77
1/12/2021,550.099976,550.179993,533.799988,539.390015,539.203918,7286900,$4.73B,same,77
1/13/2021,539.599976,545,535.400024,541.27002,541.083252,5250700,$4.73B,same,77
1/14/2021,543,543.98999,527.219971,528.01001,527.82782,7078000,$4.73B,same,77
1/15/2021,529.119995,533.01001,513.940002,514.380005,514.202515,6944500,$4.73B,same,77
1/19/2021,520.650024,523.76001,513.76001,521.01001,520.830261,5654700,$4.73B,same,77
1/20/2021,524.469971,537.219971,522.27002,534.630005,534.445557,6464300,$4.73B,same,77
1/21/2021,536.73999,559.969971,530.119995,554.700012,554.508606,8444500,$4.73B,same,77
1/22/2021,549.599976,553.669983,545.090027,548.5,548.31073,6170500,$4.73B,same,77
1/25/2021,551.27002,553.140015,529.460022,546.130005,545.941589,6277800,$4.73B,same,77
1/26/2021,543.219971,545.789978,535.5,537.409973,537.224548,4099500,$4.73B,same,77
1/27/2021,529.200012,529.309998,511.75,516.710022,516.531738,9281800,$4.73B,same,77
1/28/2021,519.849976,533.590027,518.419983,522.039978,521.859863,5707900,$4.73B,same,77
1/29/2021,523,533.390015,516.460022,519.590027,519.410767,6788800,$4.73B,same,77
2/1/2021,522.130005,530.830017,516.109985,529.47998,529.297302,5430100,$4.73B,same,77
2/2/2021,535.950012,542.880005,531.419983,542.27002,542.082886,5511000,$4.73B,same,77
2/3/2021,545.440002,557.27002,540.659973,541.219971,541.033203,6135200,$4.73B,same,77
2/4/2021,541.23999,546.940002,533.51001,546.570007,546.381409,5033500,$4.73B,same,77
2/5/2021,549,549.48999,541.830017,543.640015,543.452454,4228800,$4.73B,same,77
2/8/2021,549.090027,578.950012,549.090027,577.549988,577.350708,10865600,$4.73B,same,77
2/9/2021,573.630005,583.330017,568.900024,570.530029,570.333191,7189000,$4.73B,same,77
2/10/2021,578.530029,596.200012,573.659973,590.570007,590.366211,12133800,$4.73B,same,77
2/11/2021,599.210022,610.890015,597,610.030029,609.819519,11270700,$4.73B,same,77
2/12/2021,602,611.650024,591,598.450012,598.24353,9368900,$4.73B,same,77
2/16/2021,602.570007,614.900024,598,613.210022,612.998413,8049000,$4.73B,same,77
2/17/2021,606.840027,608.940002,591.200012,596.23999,596.034241,6868900,$4.73B,same,77
2/18/2021,589.159973,594.929993,583,593.159973,592.955322,5846700,$4.73B,same,77
2/19/2021,600.97998,607.080017,593.869995,597.059998,596.854004,6793100,$4.73B,same,77
2/22/2021,590.98999,605.330017,573,574.22998,574.03186,8147100,$4.73B,same,77
2/23/2021,563.01001,569.549988,535.580017,565.679993,565.484802,9794500,$4.73B,same,77
2/24/2021,564.909973,580.27002,550.23999,579.960022,579.759888,11208000,$5.0B,up,83
2/25/2021,561.820007,574.98999,528.650024,532.299988,532.116333,20610900,$5.0B,up,83
2/26/2021,550.099976,554.179993,534.440002,548.580017,548.390747,12523300,$5.0B,up,83
3/1/2021,555,557,542.130005,553.669983,553.478943,8829600,$5.0B,up,83
3/2/2021,556,556.820007,535.840027,536.25,536.064941,6602900,$5.0B,up,83
3/3/2021,537.049988,538.059998,511.950012,512.190002,512.013245,9439800,$5.0B,up,83
3/4/2021,512.030029,519,483.350006,494.809998,494.639252,14333600,$5.0B,up,83
3/5/2021,502,502,467.170013,498.459991,498.287994,13571000,$5.0B,up,83
3/8/2021,498,498.850006,462.660004,463.730011,463.570007,13577800,$5.0B,up,83
3/9/2021,485.209991,504.670013,482.369995,500.809998,500.809998,13045600,$5.0B,up,83
3/10/2021,513.619995,519.200012,498.299988,498.730011,498.730011,9609400,$5.0B,up,83
3/11/2021,518,521.849976,509.380005,519.73999,519.73999,7497900,$5.0B,up,83
3/12/2021,505.929993,515.549988,503.600006,514.23999,514.23999,6099100,$5.0B,up,83
3/15/2021,514.590027,528.27002,510.690002,527.650024,527.650024,5549700,$5.0B,up,83
3/16/2021,534.26001,540.5,524.669983,531.650024,531.650024,6803200,$5.0B,up,83
3/17/2021,521.590027,538.130005,519.580017,533.650024,533.650024,6096600,$5.0B,up,83
3/18/2021,525.460022,527.359985,508.679993,508.899994,508.899994,7347400,$5.0B,up,83
3/19/2021,510,516.859985,504.5,513.830017,513.830017,7480200,$5.0B,up,83
3/22/2021,516.51001,535.780029,516.27002,527.450012,527.450012,7445100,$5.0B,up,83
3/23/2021,530.169983,533.780029,520.849976,522.830017,522.830017,5551200,$5.0B,up,83
3/24/2021,526.049988,526.369995,505.470001,505.720001,505.720001,6146000,$5.0B,up,83
3/25/2021,499.980011,508.589996,490.880005,501.410004,501.410004,7378600,$5.0B,up,83
3/26/2021,502.179993,514.25,494.940002,513.570007,513.570007,9099200,$5.0B,up,83
3/29/2021,512.809998,522.5,508,517.929993,517.929993,6838000,$5.0B,up,83
3/30/2021,513.679993,519.01001,508.200012,514.869995,514.869995,5005100,$5.0B,up,83
3/31/2021,520.619995,538.820007,519.299988,533.929993,533.929993,7869400,$5.0B,up,83
4/1/2021,542.890015,554.799988,540.450012,552.469971,552.469971,7706900,$5.0B,up,83
4/5/2021,554.700012,560.559998,549.320007,559.5,559.5,6391800,$5.0B,up,83
4/6/2021,559.98999,562.169983,550.940002,554.460022,554.460022,4793600,$5.0B,up,83
4/7/2021,555.22998,569.73999,548.460022,565.73999,565.73999,6282100,$5.0B,up,83
4/8/2021,570.109985,578.859985,569.960022,572.679993,572.679993,6110400,$5.0B,up,83
4/9/2021,568.559998,576.320007,567,576,576,4879300,$5.0B,up,83
4/12/2021,571.590027,614.099976,565.570007,608.359985,608.359985,21733100,$5.0B,up,83
4/13/2021,609.26001,628,605.030029,627.179993,627.179993,16905300,$5.0B,up,83
4/14/2021,625,628.820007,609.099976,611.080017,611.080017,9637500,$5.0B,up,83
4/15/2021,626.5,648.570007,625.26001,645.48999,645.48999,14962000,$5.0B,up,83
4/16/2021,642.119995,646.630005,634.609985,636.5,636.5,8380200,$5.0B,up,83
4/19/2021,621.460022,632.299988,609.320007,614.469971,614.469971,10110500,$5.0B,up,83
4/20/2021,612.929993,619.880005,598.52002,606.849976,606.849976,8353300,$5.0B,up,83
4/21/2021,604.75,614.5,604.090027,614.419983,614.419983,5419400,$5.0B,up,83
4/22/2021,615,617.539978,591.340027,594.01001,594.01001,6944700,$5.0B,up,83
4/23/2021,597.369995,613.400024,596.01001,610.609985,610.609985,5687500,$5.0B,up,83
4/26/2021,607.400024,619.159973,605,619.119995,619.119995,4944900,$5.0B,up,83
4/27/2021,623.140015,626.820007,614.179993,615.27002,615.27002,4114300,$5.0B,up,83
4/28/2021,614.580017,621.289978,608.619995,611.070007,611.070007,5235400,$5.0B,up,83
4/29/2021,616,617.460022,602.859985,612.98999,612.98999,4329900,$5.0B,up,83
4/30/2021,606.97998,614.599976,599.880005,600.380005,600.380005,5038300,$5.0B,up,83
5/3/2021,605,609.869995,591.5,593.469971,593.469971,5097800,$5.0B,up,83
5/4/2021,585.48999,585.5,560.409973,574.049988,574.049988,10133100,$5.0B,up,83
5/5/2021,588.359985,592.539978,575.5,578.340027,578.340027,7300600,$5.0B,up,83
5/6/2021,579.809998,582.849976,568.719971,580.919983,580.919983,4834500,$5.0B,up,83
5/7/2021,592.330017,598.830017,586.869995,592.48999,592.48999,5730200,$5.0B,up,83
5/10/2021,591.48999,592.23999,570,570.630005,570.630005,6722600,$5.0B,up,83
5/11/2021,553,574.190002,550,572.25,572.25,7139600,$5.0B,up,83
5/12/2021,560.380005,570.409973,548.369995,550.340027,550.340027,7585200,$5.0B,up,83
5/13/2021,561.349976,563.22998,538.359985,546.609985,546.609985,7135100,$5.0B,up,83
5/14/2021,555.599976,573.119995,549.940002,569.719971,569.719971,6453700,$5.0B,up,83
5/17/2021,566.280029,566.77002,554.140015,566.619995,566.619995,5424500,$5.0B,up,83
5/18/2021,570.679993,576.169983,560.159973,560.630005,560.630005,4656400,$5.0B,up,83
5/19/2021,542.659973,563.179993,541.72998,562.630005,562.630005,8600000,$5.0B,up,83
5/20/2021,572.099976,587.349976,570.820007,584.5,584.5,8039800,$5.0B,up,83
5/21/2021,606.549988,608.880005,594.780029,599.669983,599.669983,16824800,$5.0B,up,83
5/24/2021,608.5,629.799988,607.039978,624.47998,624.47998,13870400,$5.0B,up,83
5/25/2021,630.640015,632.73999,619.299988,625.909973,625.909973,10885200,$5.0B,up,83
5/26/2021,629.369995,631.75,623.450012,628,628,9261000,$5.66B,,80
5/27/2021,627.98999,630,618.400024,619.52002,619.52002,14536900,$5.66B,,80
5/28/2021,620.039978,651.099976,620.039978,649.780029,649.780029,16113400,$5.66B,,80
6/1/2021,650.799988,655.530029,636.130005,650.580017,650.580017,11820100,$5.66B,,80
6/2/2021,650.090027,676.75,649.419983,671.130005,671.130005,14854200,$5.66B,,80
6/3/2021,668.030029,690.359985,663.320007,678.789978,678.789978,14500200,$5.66B,,80
6/4/2021,684.5,706.440002,683.820007,703.130005,703.130005,15411300,$5.66B,,80
